2910 4882
454 316 458 324 '
552 319 554 324 ’
597 369 639 377 -
686 334 770 440 [sio]
818 370 860 379 -
1253 334 1293 396 37

162 524 325 605 dscreoor
348 521 400 584 vix
422 527 633 587 autumasset.
682 522 846 605 Significat
876 523 960 587 enim
991 523 1154 588 laudatum
1181 524 1294 588 comici

162 644 285 691 versum
315 646 354 691 eo
382 628 451 691 loco
481 627 679 693 Eustathius.
697 666 699 672 ‹
717 625 829 720 ΙΑἰγὶς
851 665 893 674 --
920 649 952 711 p.
973 632 1012 690 30
1044 639 1164 713 φορεῖν
1191 629 1291 711 [Eust.

162 732 252 794 Hom.
280 731 663 813 602.601)Phav.59:
706 736 848 817 τραγέας
877 733 981 813 Eust.‚
1024 736 1162 816 τραγέας
1189 732 1290 796 Phav.

161 833 242 900 llud.
275 832 278 919 Ι
310 842 435 920 τραγᾶς
464 837 574 917 Eust,
614 847 729 921 τραγῐς
759 836 859 901 Phav.
892 835 975 901 Eud.
1003 834 1006 920 Ι
1038 837 1157 923 λυκέην
1186 838 1290 919 Eust,

161 939 277 1026 λυκέην
306 939 407 1005 Phar.
432 939 514 1004 Eud.
544 930 548 1024 Ι
580 934 817 1025 ἀμαθέστερον
845 941 935 1004 Eust.
967 960 1038 1004 cum
1065 939 1290 1023 Aristophane,

161 1035 413 1128 εὐμαθέστερον
441 1043 542 1107 Phar.
568 1043 648 1108 Eud.
674 1044 679 1126 Ι
704 1039 845 1129 τριχώέη
876 1044 981 1125 Eust.‚
1023 1039 1159 1129 αηχώὸη
1177 1044 1290 1108 Phar.

160 1145 271 1228 Eudl.
305 1145 317 1230 ΙΙ
347 1146 384 1210 Ρ.
406 1149 465 1208 152
489 1152 520 1211 ct
544 1148 605 1209 379
629 1140 802 1232 εὐκίνητον
823 1146 904 1209 Eud.
932 1153 963 1211 et
989 1147 1087 1226 (Eust.
1105 1148 1198 1210 Hom.
1219 1150 1289 1229 763)

161 1249 261 1314 Phav.
291 1251 389 1333 1692.
424 1248 596 1336 έκκίνητον
629 1249 727 1314 editio
755 1249 914 1314 Eustathii
943 1250 1155 1331 Weigeliaua.
1211 1250 1295 1327 Quid

160 1352 348 1418 Eustathius
376 1353 539 1438 scripserit
560 1374 623 1418 non
646 1353 815 1437 perspicio.
863 1352 912 1416 An
936 1348 1141 1438 έκκένητον2
1181 1353 1293 1434 Neque

158 1449 315 1540 ‘Podoyoh
336 1451 372 1543 ἢ,
411 1463 446 1522 ut
474 1457 507 1521 in
537 1456 651 1522 eadem
681 1456 820 1522 editione
851 1475 1037 1541 expressum
1065 1462 1129 1536 est,
1168 1456 1295 1539 scripsit

162 1561 252 1625 Eust.
270 1561 363 1624 Hom.
386 1563 477 1643 1688,
504 1559 563 1625 sed
574 1554 781 1647 Ῥοδογούνη,
809 1560 895 1642 quod
916 1559 1015 1625 habet
1036 1559 1119 1623 Eud.
1144 1581 1176 1644 p.
1196 1562 1267 1622 316.
1287 1560 1295 1644 Ι

163 1665 242 1746 Peg.
267 1671 374 1730 autem
398 1668 459 1728 327
484 1663 686 1730 Eustathium
715 1665 757 1728 ad
779 1664 871 1729 Hom.
898 1685 928 1747 p.
952 1666 1031 1726 1875
1056 1663 1208 1728 describit
1229 1665 1296 1727 Eu-

164 1768 255 1834 docia
278 1769 372 1852 eique
395 1768 502 1833 omnia
525 1768 638 1850 debet,
675 1789 757 1852 quae
779 1769 923 1833 intexto
954 1768 1051 1832 habet
1080 1767 1182 1832 codex
1205 1768 1295 1832 Pari-

164 1873 251 1938 sinus
281 1894 301 1937 a
331 1872 523 1948 Πανδίονος
552 1893 630 1938 voce
658 1892 758 1955 usquc
787 1871 829 1936 ad
859 1872 990 1937 exitum.
1044 1871 1093 1934 Ex
1122 1892 1184 1953 quo
1212 1892 1295 1953 quae

164 1975 351 2062 deprompta
373 1997 437 2041 non
461 1983 545 2059 sunt,
572 1997 611 2041 ea
626 1976 733 2040 omnia
755 1996 866 2057 margo
882 1974 1000 2039 codicis
1023 1976 1166 2058 praebet,
1192 1995 1295 2057 nequc

163 2080 300 2162 uomina,
333 2080 443 2163 qualia
464 2100 549 2145 nunc
569 2080 603 2145 in
626 2079 750 2145 violarii
774 2079 912 2144 editione
934 2079 1101 2161 leguntur,
1135 2079 1176 2142 ab
1206 2078 1296 2143 initio

162 2183 192 2247 iu
215 2181 325 2248 codice
349 2184 468 2267 scripta
490 2189 591 2249 crant.
632 2184 772 2247 Procnae
795 2182 879 2246 enim
900 2188 931 2246 et
947 2182 1144 2246 Philomelae
1167 2182 1296 2246 nomina

163 2286 193 2350 in
215 2286 336 2351 rasuris
365 2287 410 2351 ibi
432 2288 591 2368 leguntur,
624 2293 659 2352 ut
680 2292 859 2369 permutata
882 2307 921 2351 ca
943 2306 963 2349 a
986 2285 1117 2350 falsario
1140 2303 1212 2349 csse
1236 2306 1296 2369 pa-

161 2396 236 2454 teat.
276 2390 384 2456 Habet
405 2397 512 2456 autem
535 2410 645 2473 margo
669 2390 766 2455 haec:
794 2387 829 2453 έκ
848 2386 990 2475 Θρᾴκης,
1018 2394 1049 2452 et
1071 2388 1159 2463 τινές
1182 2387 1218 2451 δὲ
1236 2387 1295 2474 την

165 2491 359 2582 Φιλομήλαν
380 2532 423 2540 -
454 2488 726 2579 ἅντωρνεομένην,
764 2499 795 2558 ct
816 2487 896 2576 Ἴτα,
916 2487 985 2556 Ἴτα
1009 2490 1157 2567 ἐλεεινῶς
1184 2496 1295 2577 φθέγ-

163 2620 276 2680 γοοοα.
324 2598 437 2662 Intulit
466 2618 505 2662 ea
535 2596 686 2662 falsarius
716 2618 734 2662 e
756 2598 866 2679 glossa
892 2597 1053 2681 superiore
1077 2618 1108 2680 p.
1129 2600 1190 2659 240
1215 2597 1294 2680 περὶ

157 2696 270 2783 Ἴταος7
306 2701 360 2766 ubi
382 2701 415 2765 in
438 2701 582 2784 margine
605 2699 777 2784 adscripsit
807 2700 899 2764 haec:
938 2697 1023 2764 κατά
1045 2723 1156 2779 τινας,
1193 2693 1236 2775 ὡς
1259 2698 1295 2764 έν

163 2812 205 2890 τῷ
228 2805 309 2890 περὶ
331 2802 525 2879 Πανδίονος
548 2799 760 2890 λεχθήσεται,
788 2822 871 2883 quae
893 2803 927 2866 iu
948 2809 1037 2868 textu
1060 2804 1167 2888 posuit
1180 2803 1295 2868 Villci-

162 2928 227 2974 son.
275 2910 446 2973 Praeterea
474 2907 518 2971 ibi
549 2926 675 2989 quoque
705 2905 834 2971 uomina
863 2906 1061 2971 Philomelae
1092 2913 1123 2970 et
1152 2907 1294 2970 Procnae

160 3012 193 3079 in
216 3013 337 3077 rasuris
361 3017 481 3077 extant.
529 3011 634 3076 Debet
656 3010 851 3094 superiorem
882 3010 1023 3092 glossam
1046 3009 1188 3074 Eudccia
1209 3009 1295 3073 Pha-

158 3117 268 3182 von'no
290 3138 323 3200 p.
340 3119 402 3180 962
421 3114 537 3198 (Schol.
553 3113 607 3179 Ar.
626 3113 686 3177 AV.
707 3115 777 3195 212Ι
804 3114 872 3199 [τῆς
888 3106 993 3178 αὐτοῦ
1008 3120 1152 3199 γαμετῆς
1169 3113 1290 3194 Schol..

159 3227 217 3306 της
241 3217 376 3284 ἑαυτοῦ
399 3242 477 3302 γαμ.
502 3217 603 3282 Phar.
623 3216 734 3300 Eudl.
782 3216 916 3281 Videtur
938 3223 1043 3283 autem
1064 3216 1207 3281 Eudocia
1229 3217 1295 3300 pri-

159 3344 246 3388 mum
270 3343 310 3388 ex
333 3321 501 3387 Eustathio
525 3321 702 3386 correxisse
724 3321 865 3403 glossam
888 3342 920 3404 p.
940 3323 1012 3401 240,
1040 3328 1106 3385 tum
1122 3320 1295 3384 Phavorini

156 3425 313 3493 lectiones
335 3426 381 3491 ibi
403 3425 581 3490 restituisse
600 3424 794 3508 easdemque
816 3424 962 3490 intulisse
985 3424 1019 3488 in
1041 3424 1193 3509 paginam
1217 3427 1291 3487 327.

245 3634 316 3717 pr.
364 3631 595 3698 Arouuouu
618 3611 780 3698 'uuomr
813 3631 1087 3696 souourouuu
1120 3631 1185 3696 ram
1219 3631 1293 3695 reu

162 3739 234 3823 (Ap.
254 3738 313 3801 Rh.
340 3735 391 3802 cd.
411 3736 534 3801 Merkel
557 3758 589 3821 p.
609 3738 680 3818 30οΙ
707 3756 770 3800 non
793 3734 978 3800 melioribus
1000 3734 1175 3799 Eudociam
1198 3755 1293 3817 quam

156 3860 217 3907 uos
242 3840 330 3905 libris
353 3859 443 3905 usam
475 3857 546 3904 esse
574 3838 747 3924 perspexit.
794 3839 915 3903 Eodem
938 3859 956 3904 e
979 3838 1067 3903 fonte
1089 3845 1184 3920 atquc
1208 3838 1294 3902 Lau-

157 3946 339 4012 rentianum
355 3929 485 4008 XXXII
501 3948 530 4026 9,
557 3964 755 4009 communem
778 3950 956 4010 nostrorum
980 3941 1170 4007 scholiorum
1194 3941 1294 4024 origi-

157 4071 251 4129 nem,
282 4047 447 4114 Eudcciae
476 4048 602 4130 glossas
632 4048 810 4133 descriptas
836 4067 909 4112 esse
940 4046 1040 4111 Flach
1072 4066 1143 4111 oum
1173 4066 1204 4129 p.
1233 4050 1292 4108 125

158 4152 330 4232 existimet,
365 4152 474 4234 procul
497 4172 517 4215 a
540 4170 615 4215 vero
637 4154 739 4217 abest.
787 4151 870 4215 Nam
901 4170 972 4214 cum
1003 4149 1063 4213 tria
1090 4148 1293 4231 distinguan-

158 4261 210 4324 tur
246 4274 367 4341 gcuera
404 4255 596 4324 scholiorum
632 4254 811 4344 Apollonii,
854 4253 991 4343 primum
1028 4253 1289 4337 Laurentiauum,
