<?xml version="1.0" encoding="UTF-8"?>
<!DOCTYPE html PUBLIC "-//W3C//DTD XHTML 1.0 Transitional//EN"
    "http://www.w3.org/TR/xhtml1/DTD/xhtml1-transitional.dtd">
<html xmlns="http://www.w3.org/1999/xhtml" xml:lang="en" lang="en">
 <head>
  <title>
</title>
<meta http-equiv="Content-Type" content="text/html;charset=utf-8" />
  <meta name='ocr-system' content='tesseract 3.04.00' />
  <meta name='ocr-capabilities' content='ocr_page ocr_carea ocr_par ocr_line ocrx_word'/>
</head>
<body>
  <div class='ocr_page' id='page_1' title='image "./deeudociaequodf00pulcgoog_0019.png"; bbox 0 0 2910 4882; ppageno 0'>
   <div class='ocr_carea' id='block_1_1' title="bbox 156 287 898 392">
    <p class='ocr_par' dir='ltr' id='par_1_1' title="bbox 156 287 898 392">
     <span class='ocr_line' id='line_1_1' title="bbox 156 287 898 392; baseline 0.003 -45"><span class='ocrx_word' id='word_1_1' title='bbox 156 289 195 348; x_wconf 77' lang='grc' dir='ltr'>κο</span> <span class='ocrx_word' id='word_1_2' title='bbox 593 323 636 330; x_wconf 90' lang='grc'>-</span> <span class='ocrx_word' id='word_1_3' title='bbox 683 287 767 366; x_wconf 79' lang='lat'>[328]</span> <span class='ocrx_word' id='word_1_4' title='bbox 815 323 858 330; x_wconf 90' lang='lat'><em>-</em></span> <span class='ocrx_word' id='word_1_5' title='bbox 895 387 898 392; x_wconf 12' lang='grc'>1</span> 
     </span>
    </p>
   </div>
   <div class='ocr_carea' id='block_1_2' title="bbox 1322 380 1326 463">
    <p class='ocr_par' dir='ltr' id='par_1_2' title="bbox 1322 380 1326 463">
     <span class='ocr_line' id='line_1_2' title="bbox 1322 380 1326 463; baseline 0 0"><span class='ocrx_word' id='word_1_6' title='bbox 1322 380 1326 463; x_wconf 78' lang='lat' dir='ltr'>i</span> 
     </span>
    </p>
   </div>
   <div class='ocr_carea' id='block_1_3' title="bbox 71 472 1335 3538">
    <p class='ocr_par' dir='ltr' id='par_1_3' title="bbox 155 472 1294 1075">
     <span class='ocr_line' id='line_1_3' title="bbox 157 472 1289 560; baseline 0.001 -23"><span class='ocrx_word' id='word_1_7' title='bbox 157 472 193 537; x_wconf 79' lang='grc' dir='ltr'>δὲ</span> <span class='ocrx_word' id='word_1_8' title='bbox 216 474 297 558; x_wconf 74' lang='grc' dir='ltr'><strong><em>περὶ</em></strong></span> <span class='ocrx_word' id='word_1_9' title='bbox 326 480 383 538; x_wconf 68' lang='grc' dir='ltr'>τοτ’</span> <span class='ocrx_word' id='word_1_10' title='bbox 416 475 619 560; x_wconf 76' lang='grc' dir='ltr'><strong><em>λέβητος-</em></strong></span> <span class='ocrx_word' id='word_1_11' title='bbox 644 473 822 557; x_wconf 74' lang='grc' dir='ltr'><strong><em>ἐνέβαλλεν</em></strong></span> <span class='ocrx_word' id='word_1_12' title='bbox 844 496 862 540; x_wconf 94' lang='lat' dir='ltr'>e</span> <span class='ocrx_word' id='word_1_13' title='bbox 885 475 988 539; x_wconf 89' lang='lat' dir='ltr'>Nonn.</span> <span class='ocrx_word' id='word_1_14' title='bbox 1016 473 1118 557; x_wconf 80' lang='lat' dir='ltr'><strong>Greg.</strong></span> <span class='ocrx_word' id='word_1_15' title='bbox 1147 474 1231 538; x_wconf 82' lang='lat' dir='ltr'><strong>Nau.</strong></span> <span class='ocrx_word' id='word_1_16' title='bbox 1255 474 1289 553; x_wconf 88' lang='grc' dir='ltr'>Π,</span> 
     </span>
     <span class='ocr_line' id='line_1_4' title="bbox 162 569 1291 662; baseline 0.002 -24"><span class='ocrx_word' id='word_1_17' title='bbox 162 580 212 640; x_wconf 91' lang='grc'>19.</span> <span class='ocrx_word' id='word_1_18' title='bbox 247 577 258 662; x_wconf 68' lang='grc' dir='ltr'>Η</span> <span class='ocrx_word' id='word_1_19' title='bbox 289 578 319 660; x_wconf 77' lang='grc'>3)</span> <span class='ocrx_word' id='word_1_20' title='bbox 346 578 478 662; x_wconf 76' lang='grc' dir='ltr'><strong><em>παλαιᾷ</em></strong></span> <span class='ocrx_word' id='word_1_21' title='bbox 501 585 534 642; x_wconf 88' lang='lat' dir='ltr'>et</span> <span class='ocrx_word' id='word_1_22' title='bbox 549 569 854 660; x_wconf 75' lang='grc' dir='ltr'><strong><em>ἕνῇ-μαντείας</em></strong></span> <span class='ocrx_word' id='word_1_23' title='bbox 877 598 895 642; x_wconf 90' lang='lat' dir='ltr'>e</span> <span class='ocrx_word' id='word_1_24' title='bbox 918 577 1023 642; x_wconf 89' lang='lat' dir='ltr'>Noun.</span> <span class='ocrx_word' id='word_1_25' title='bbox 1043 575 1149 660; x_wconf 79' lang='lat' dir='ltr'><strong>Greg.</strong></span> <span class='ocrx_word' id='word_1_26' title='bbox 1167 578 1248 642; x_wconf 79' lang='lat' dir='ltr'><strong>Nau.</strong></span> <span class='ocrx_word' id='word_1_27' title='bbox 1265 577 1291 642; x_wconf 84' lang='lat' dir='ltr'><strong>S.</strong></span> 
     </span>
     <span class='ocr_line' id='line_1_5' title="bbox 156 673 1293 766; baseline 0.002 -23"><span class='ocrx_word' id='word_1_28' title='bbox 156 679 267 744; x_wconf 90' lang='lat' dir='ltr'>lumin.</span> <span class='ocrx_word' id='word_1_29' title='bbox 295 685 323 744; x_wconf 83' lang='lat'><strong>7.</strong></span> <span class='ocrx_word' id='word_1_30' title='bbox 358 679 370 765; x_wconf 90' lang='grc' dir='ltr'>ΙΙ</span> <span class='ocrx_word' id='word_1_31' title='bbox 402 682 431 764; x_wconf 90' lang='grc'>4)</span> <span class='ocrx_word' id='word_1_32' title='bbox 458 684 537 763; x_wconf 82' lang='grc' dir='ltr'>Δία,</span> <span class='ocrx_word' id='word_1_33' title='bbox 566 673 638 766; x_wconf 69' lang='grc' dir='ltr'><strong><em>ἦτοι</em></strong></span> <span class='ocrx_word' id='word_1_34' title='bbox 660 676 720 746; x_wconf 85' lang='grc' dir='ltr'>τὸν</span> <span class='ocrx_word' id='word_1_35' title='bbox 743 675 825 766; x_wconf 78' lang='grc' dir='ltr'><strong><em>ἀέρα</em></strong></span> <span class='ocrx_word' id='word_1_36' title='bbox 848 719 891 728; x_wconf 86' lang='grc'>-</span> <span class='ocrx_word' id='word_1_37' title='bbox 914 676 988 766; x_wconf 77' lang='grc' dir='ltr'><strong><em>ἱερὰ</em></strong></span> <span class='ocrx_word' id='word_1_38' title='bbox 1010 685 1057 764; x_wconf 76' lang='grc' dir='ltr'>τῷ</span> <span class='ocrx_word' id='word_1_39' title='bbox 1080 680 1148 744; x_wconf 81' lang='grc' dir='ltr'>Διῒ</span> <span class='ocrx_word' id='word_1_40' title='bbox 1168 702 1211 746; x_wconf 83' lang='lat' dir='ltr'>ex</span> <span class='ocrx_word' id='word_1_41' title='bbox 1232 681 1293 765; x_wconf 80' lang='lat' dir='ltr'>ipsu</span> 
     </span>
     <span class='ocr_line' id='line_1_6' title="bbox 155 778 1293 870; baseline 0 -24"><span class='ocrx_word' id='word_1_42' title='bbox 155 783 247 847; x_wconf 71' lang='lat' dir='ltr'>Eunt.</span> <span class='ocrx_word' id='word_1_43' title='bbox 273 783 316 848; x_wconf 80' lang='lat' dir='ltr'>ad</span> <span class='ocrx_word' id='word_1_44' title='bbox 338 785 431 849; x_wconf 92' lang='lat' dir='ltr'>Hom.</span> <span class='ocrx_word' id='word_1_45' title='bbox 458 806 489 868; x_wconf 93' lang='lat' dir='ltr'><strong>p.</strong></span> <span class='ocrx_word' id='word_1_46' title='bbox 511 788 584 848; x_wconf 85' lang='grc'>594.</span> <span class='ocrx_word' id='word_1_47' title='bbox 618 785 629 867; x_wconf 67' lang='lat' dir='ltr'>{t</span> <span class='ocrx_word' id='word_1_48' title='bbox 661 786 690 868; x_wconf 85' lang='lat'>5)</span> <span class='ocrx_word' id='word_1_49' title='bbox 718 780 842 870; x_wconf 72' lang='grc' dir='ltr'><strong><em>ταύτην</em></strong></span> <span class='ocrx_word' id='word_1_50' title='bbox 865 780 926 870; x_wconf 72' lang='grc' dir='ltr'>τὴν</span> <span class='ocrx_word' id='word_1_51' title='bbox 948 782 1029 870; x_wconf 80' lang='grc' dir='ltr'><strong><em>δρῦν</em></strong></span> <span class='ocrx_word' id='word_1_52' title='bbox 1043 799 1088 830; x_wconf 79' lang='grc'>-·-</span> <span class='ocrx_word' id='word_1_53' title='bbox 1103 782 1166 848; x_wconf 81' lang='grc' dir='ltr'>διὰ</span> <span class='ocrx_word' id='word_1_54' title='bbox 1182 780 1221 850; x_wconf 86' lang='grc' dir='ltr'>τὸ</span> <span class='ocrx_word' id='word_1_55' title='bbox 1239 778 1293 850; x_wconf 76' lang='grc' dir='ltr'>ἄνα</span> 
     </span>
     <span class='ocr_line' id='line_1_7' title="bbox 160 882 1294 974; baseline 0.001 -24"><span class='ocrx_word' id='word_1_56' title='bbox 160 887 260 970; x_wconf 84' lang='lat' dir='ltr'>(Eust.</span> <span class='ocrx_word' id='word_1_57' title='bbox 278 888 370 952; x_wconf 88' lang='lat' dir='ltr'>Hom.</span> <span class='ocrx_word' id='word_1_58' title='bbox 394 890 484 971; x_wconf 81' lang='lat'>1057)</span> <span class='ocrx_word' id='word_1_59' title='bbox 512 888 650 953; x_wconf 81' lang='lat' dir='ltr'><strong>Phavor.</strong></span> <span class='ocrx_word' id='word_1_60' title='bbox 669 889 691 952; x_wconf 92' lang='lat' dir='ltr'><strong>l.</strong></span> <span class='ocrx_word' id='word_1_61' title='bbox 710 888 731 952; x_wconf 93' lang='lat' dir='ltr'><strong>l.</strong></span> <span class='ocrx_word' id='word_1_62' title='bbox 766 889 779 971; x_wconf 85' lang='grc'>11</span> <span class='ocrx_word' id='word_1_63' title='bbox 810 889 838 970; x_wconf 82' lang='lat'>6]</span> <span class='ocrx_word' id='word_1_64' title='bbox 866 882 1049 963; x_wconf 72' lang='grc' dir='ltr'><strong><em>καϊᾶλλως</em></strong></span> <span class='ocrx_word' id='word_1_65' title='bbox 1065 925 1108 936; x_wconf 92' lang='lat'>-</span> <span class='ocrx_word' id='word_1_66' title='bbox 1127 885 1294 974; x_wconf 73' lang='grc' dir='ltr'><strong><em>ἱστοροῦσι</em></strong></span> 
     </span>
     <span class='ocr_line' id='line_1_8' title="bbox 162 991 672 1075; baseline 0.004 -22"><span class='ocrx_word' id='word_1_67' title='bbox 162 991 221 1073; x_wconf 84' lang='lat' dir='ltr'><strong>(Et.</strong></span> <span class='ocrx_word' id='word_1_68' title='bbox 247 992 291 1054; x_wconf 93' lang='lat' dir='ltr'>M.</span> <span class='ocrx_word' id='word_1_69' title='bbox 317 994 389 1072; x_wconf 77' lang='lat'>293,</span> <span class='ocrx_word' id='word_1_70' title='bbox 419 993 447 1075; x_wconf 82' lang='lat'>3)</span> <span class='ocrx_word' id='word_1_71' title='bbox 475 991 623 1055; x_wconf 74' lang='grc' dir='ltr'>Ρ1111.1.</span> <span class='ocrx_word' id='word_1_72' title='bbox 650 992 672 1055; x_wconf 91' lang='lat' dir='ltr'><strong>l.</strong></span> 
     </span>
    </p>

    <p class='ocr_par' dir='ltr' id='par_1_4' title="bbox 156 1091 1294 1697">
     <span class='ocr_line' id='line_1_9' title="bbox 243 1091 1294 1179; baseline 0.002 -20"><span class='ocrx_word' id='word_1_73' title='bbox 243 1095 392 1166; x_wconf 66' lang='lat' dir='ltr'>Glossam</span> <span class='ocrx_word' id='word_1_74' title='bbox 416 1093 496 1178; x_wconf 77' lang='grc' dir='ltr'><strong><em>περὶ</em></strong></span> <span class='ocrx_word' id='word_1_75' title='bbox 514 1091 740 1178; x_wconf 75' lang='grc' dir='ltr'><em>Πολυγνώτου</em></span> <span class='ocrx_word' id='word_1_76' title='bbox 762 1117 794 1179; x_wconf 92' lang='lat' dir='ltr'>p.</span> <span class='ocrx_word' id='word_1_77' title='bbox 814 1096 875 1158; x_wconf 87' lang='grc'>340</span> <span class='ocrx_word' id='word_1_78' title='bbox 898 1114 939 1159; x_wconf 84' lang='lat' dir='ltr'>ex</span> <span class='ocrx_word' id='word_1_79' title='bbox 961 1095 1223 1178; x_wconf 80' lang='lat' dir='ltr'>Harpocratione</span> <span class='ocrx_word' id='word_1_80' title='bbox 1244 1095 1294 1160; x_wconf 90' lang='lat' dir='ltr'>de-</span> 
     </span>
     <span class='ocr_line' id='line_1_10' title="bbox 156 1197 1293 1282; baseline 0.002 -22"><span class='ocrx_word' id='word_1_81' title='bbox 156 1197 312 1281; x_wconf 84' lang='lat' dir='ltr'><strong>prompsit</strong></span> <span class='ocrx_word' id='word_1_82' title='bbox 335 1198 470 1282; x_wconf 71' lang='grc'>311411,</span> <span class='ocrx_word' id='word_1_83' title='bbox 497 1219 514 1264; x_wconf 89' lang='lat' dir='ltr'>e</span> <span class='ocrx_word' id='word_1_84' title='bbox 538 1197 640 1264; x_wconf 85' lang='lat' dir='ltr'>Suidu</span> <span class='ocrx_word' id='word_1_85' title='bbox 662 1198 860 1264; x_wconf 83' lang='lat' dir='ltr'>Phavorinus</span> <span class='ocrx_word' id='word_1_86' title='bbox 882 1219 916 1282; x_wconf 90' lang='lat' dir='ltr'>p.</span> <span class='ocrx_word' id='word_1_87' title='bbox 938 1199 1037 1280; x_wconf 81' lang='grc'>1536,</span> <span class='ocrx_word' id='word_1_88' title='bbox 1072 1217 1091 1264; x_wconf 90' lang='lat' dir='ltr'>e</span> <span class='ocrx_word' id='word_1_89' title='bbox 1113 1198 1293 1264; x_wconf 82' lang='lat' dir='ltr'>Phavorinu</span> 
     </span>
     <span class='ocr_line' id='line_1_11' title="bbox 156 1294 1292 1387; baseline 0.004 -24"><span class='ocrx_word' id='word_1_90' title='bbox 156 1299 316 1382; x_wconf 82' lang='lat' dir='ltr'>Eudoeia3</span> <span class='ocrx_word' id='word_1_91' title='bbox 350 1301 461 1367; x_wconf 87' lang='lat' dir='ltr'>vitium</span> <span class='ocrx_word' id='word_1_92' title='bbox 491 1301 575 1366; x_wconf 91' lang='lat' dir='ltr'>enim</span> <span class='ocrx_word' id='word_1_93' title='bbox 606 1300 642 1366; x_wconf 79' lang='grc' dir='ltr'>ἑν</span> <span class='ocrx_word' id='word_1_94' title='bbox 666 1296 783 1386; x_wconf 83' lang='grc' dir='ltr'><strong><em>Ἀκείῳ</em></strong></span> <span class='ocrx_word' id='word_1_95' title='bbox 806 1322 862 1387; x_wconf 91' lang='lat' dir='ltr'>pro</span> <span class='ocrx_word' id='word_1_96' title='bbox 886 1299 922 1367; x_wconf 79' lang='grc' dir='ltr'>ἐν</span> <span class='ocrx_word' id='word_1_97' title='bbox 943 1294 1105 1386; x_wconf 76' lang='grc' dir='ltr'><strong><em>Ἀνακείῳ</em></strong></span> <span class='ocrx_word' id='word_1_98' title='bbox 1129 1321 1292 1368; x_wconf 81' lang='lat' dir='ltr'>commune</span> 
     </span>
     <span class='ocr_line' id='line_1_12' title="bbox 156 1404 1291 1489; baseline 0.002 -21"><span class='ocrx_word' id='word_1_99' title='bbox 156 1404 290 1469; x_wconf 85' lang='lat' dir='ltr'>violario</span> <span class='ocrx_word' id='word_1_100' title='bbox 317 1425 388 1470; x_wconf 87' lang='lat' dir='ltr'>oum</span> <span class='ocrx_word' id='word_1_101' title='bbox 411 1412 545 1489; x_wconf 85' lang='lat' dir='ltr'>utruque</span> <span class='ocrx_word' id='word_1_102' title='bbox 567 1404 739 1471; x_wconf 82' lang='lat' dir='ltr'>Phavorini</span> <span class='ocrx_word' id='word_1_103' title='bbox 763 1405 903 1472; x_wconf 83' lang='lat' dir='ltr'>editione</span> <span class='ocrx_word' id='word_1_104' title='bbox 929 1409 1010 1470; x_wconf 82' lang='lat'>1523</span> <span class='ocrx_word' id='word_1_105' title='bbox 1033 1411 1065 1470; x_wconf 87' lang='lat' dir='ltr'>et</span> <span class='ocrx_word' id='word_1_106' title='bbox 1091 1408 1196 1488; x_wconf 85' lang='lat'>1538,</span> <span class='ocrx_word' id='word_1_107' title='bbox 1229 1426 1291 1470; x_wconf 89' lang='lat' dir='ltr'>oum</span> 
     </span>
     <span class='ocr_line' id='line_1_13' title="bbox 156 1507 1293 1592; baseline 0.001 -21"><span class='ocrx_word' id='word_1_108' title='bbox 156 1507 190 1572; x_wconf 94' lang='lat' dir='ltr'>in</span> <span class='ocrx_word' id='word_1_109' title='bbox 213 1507 331 1573; x_wconf 82' lang='lat' dir='ltr'>Suidae</span> <span class='ocrx_word' id='word_1_110' title='bbox 355 1509 463 1574; x_wconf 81' lang='lat' dir='ltr'>codiee</span> <span class='ocrx_word' id='word_1_111' title='bbox 486 1510 574 1574; x_wconf 90' lang='lat' dir='ltr'>nullo</span> <span class='ocrx_word' id='word_1_112' title='bbox 598 1516 694 1592; x_wconf 87' lang='lat' dir='ltr'>extet,</span> <span class='ocrx_word' id='word_1_113' title='bbox 721 1509 935 1575; x_wconf 83' lang='lat' dir='ltr'>ePhavorino</span> <span class='ocrx_word' id='word_1_114' title='bbox 957 1509 1047 1591; x_wconf 85' lang='lat' dir='ltr'>haee,</span> <span class='ocrx_word' id='word_1_115' title='bbox 1073 1529 1139 1574; x_wconf 90' lang='lat' dir='ltr'>non</span> <span class='ocrx_word' id='word_1_116' title='bbox 1164 1509 1293 1575; x_wconf 81' lang='lat' dir='ltr'>eSuida</span> 
     </span>
     <span class='ocr_line' id='line_1_14' title="bbox 157 1613 593 1697; baseline 0.002 -22"><span class='ocrx_word' id='word_1_117' title='bbox 157 1618 284 1696; x_wconf 81' lang='lat' dir='ltr'>sumptu</span> <span class='ocrx_word' id='word_1_118' title='bbox 306 1631 378 1677; x_wconf 85' lang='lat' dir='ltr'>esse</span> <span class='ocrx_word' id='word_1_119' title='bbox 401 1613 593 1697; x_wconf 83' lang='lat' dir='ltr'>comprobat.</span> 
     </span>
    </p>

    <p class='ocr_par' dir='ltr' id='par_1_5' title="bbox 156 1715 1292 2091">
     <span class='ocr_line' id='line_1_15' title="bbox 243 1715 1291 1800; baseline 0 -20"><span class='ocrx_word' id='word_1_120' title='bbox 243 1716 317 1800; x_wconf 80' lang='lat' dir='ltr'>Ipso</span> <span class='ocrx_word' id='word_1_121' title='bbox 340 1715 589 1799; x_wconf 83' lang='lat' dir='ltr'>Harpocratione</span> <span class='ocrx_word' id='word_1_122' title='bbox 620 1717 696 1798; x_wconf 91' lang='lat' dir='ltr'>quin</span> <span class='ocrx_word' id='word_1_123' title='bbox 726 1735 784 1781; x_wconf 83' lang='lat' dir='ltr'>usa</span> <span class='ocrx_word' id='word_1_124' title='bbox 807 1717 849 1781; x_wconf 85' lang='lat' dir='ltr'>sit</span> <span class='ocrx_word' id='word_1_125' title='bbox 870 1716 1031 1798; x_wconf 84' lang='lat' dir='ltr'>Eudoeia,</span> <span class='ocrx_word' id='word_1_126' title='bbox 1066 1715 1204 1782; x_wconf 93' lang='lat' dir='ltr'>dubium</span> <span class='ocrx_word' id='word_1_127' title='bbox 1227 1735 1291 1782; x_wconf 80' lang='lat' dir='ltr'>esse</span> 
     </span>
     <span class='ocr_line' id='line_1_16' title="bbox 158 1811 1292 1908; baseline 0.002 -26"><span class='ocrx_word' id='word_1_128' title='bbox 158 1825 256 1902; x_wconf 85' lang='lat' dir='ltr'>negat</span> <span class='ocrx_word' id='word_1_129' title='bbox 277 1819 377 1884; x_wconf 86' lang='lat' dir='ltr'>Flaeh</span> <span class='ocrx_word' id='word_1_130' title='bbox 407 1827 537 1904; x_wconf 86' lang='lat' dir='ltr'>propter</span> <span class='ocrx_word' id='word_1_131' title='bbox 565 1827 724 1885; x_wconf 83' lang='lat' dir='ltr'>servatum</span> <span class='ocrx_word' id='word_1_132' title='bbox 754 1841 795 1885; x_wconf 83' lang='lat' dir='ltr'>ex</span> <span class='ocrx_word' id='word_1_133' title='bbox 824 1841 861 1907; x_wconf 87' lang='lat' dir='ltr'>eo</span> <span class='ocrx_word' id='word_1_134' title='bbox 891 1820 1009 1885; x_wconf 86' lang='lat' dir='ltr'>lemma</span> <span class='ocrx_word' id='word_1_135' title='bbox 1035 1811 1178 1906; x_wconf 79' lang='grc' dir='ltr'><strong><em>Ἑκάτης</em></strong></span> <span class='ocrx_word' id='word_1_136' title='bbox 1198 1827 1292 1908; x_wconf 78' lang='grc' dir='ltr'><strong><em>νῆσος</em></strong></span> 
     </span>
     <span class='ocr_line' id='line_1_17' title="bbox 156 1922 1292 2007; baseline 0.003 -21"><span class='ocrx_word' id='word_1_137' title='bbox 156 1922 232 1986; x_wconf 88' lang='lat' dir='ltr'>viol.</span> <span class='ocrx_word' id='word_1_138' title='bbox 258 1943 289 2005; x_wconf 93' lang='lat' dir='ltr'>p.</span> <span class='ocrx_word' id='word_1_139' title='bbox 313 1926 383 1986; x_wconf 88' lang='grc'>144.</span> <span class='ocrx_word' id='word_1_140' title='bbox 435 1924 477 1988; x_wconf 82' lang='grc' dir='ltr'>Α1</span> <span class='ocrx_word' id='word_1_141' title='bbox 498 1930 533 1988; x_wconf 90' lang='lat' dir='ltr'>ut</span> <span class='ocrx_word' id='word_1_142' title='bbox 555 1930 621 1988; x_wconf 85' lang='lat' dir='ltr'>tota</span> <span class='ocrx_word' id='word_1_143' title='bbox 642 1925 701 1989; x_wconf 86' lang='lat' dir='ltr'>illa</span> <span class='ocrx_word' id='word_1_144' title='bbox 723 1924 845 2007; x_wconf 79' lang='lat' dir='ltr'>glossa,</span> <span class='ocrx_word' id='word_1_145' title='bbox 871 1923 916 1989; x_wconf 83' lang='lat' dir='ltr'>ita</span> <span class='ocrx_word' id='word_1_146' title='bbox 937 1924 1056 1989; x_wconf 83' lang='lat' dir='ltr'>lemma</span> <span class='ocrx_word' id='word_1_147' title='bbox 1076 1922 1163 1988; x_wconf 92' lang='lat' dir='ltr'>illud</span> <span class='ocrx_word' id='word_1_148' title='bbox 1179 1945 1198 1989; x_wconf 89' lang='lat' dir='ltr'>e</span> <span class='ocrx_word' id='word_1_149' title='bbox 1213 1925 1292 1989; x_wconf 80' lang='lat' dir='ltr'><strong>Pha-</strong></span> 
     </span>
     <span class='ocr_line' id='line_1_18' title="bbox 156 2025 560 2091; baseline 0.005 -2"><span class='ocrx_word' id='word_1_150' title='bbox 156 2025 266 2090; x_wconf 89' lang='lat' dir='ltr'>vorino</span> <span class='ocrx_word' id='word_1_151' title='bbox 288 2026 478 2090; x_wconf 80' lang='lat' dir='ltr'>translatum</span> <span class='ocrx_word' id='word_1_152' title='bbox 501 2033 560 2091; x_wconf 84' lang='lat' dir='ltr'>est.</span> 
     </span>
    </p>

    <p class='ocr_par' dir='ltr' id='par_1_6' title="bbox 71 2129 1335 3538">
     <span class='ocr_line' id='line_1_19' title="bbox 243 2129 1291 2216; baseline 0.004 -24"><span class='ocrx_word' id='word_1_153' title='bbox 243 2130 292 2192; x_wconf 83' lang='lat' dir='ltr'>Ex</span> <span class='ocrx_word' id='word_1_154' title='bbox 323 2129 436 2194; x_wconf 86' lang='lat' dir='ltr'>eadem</span> <span class='ocrx_word' id='word_1_155' title='bbox 466 2129 590 2194; x_wconf 85' lang='lat' dir='ltr'>familia</span> <span class='ocrx_word' id='word_1_156' title='bbox 619 2138 714 2214; x_wconf 82' lang='lat' dir='ltr'>utque</span> <span class='ocrx_word' id='word_1_157' title='bbox 741 2129 882 2195; x_wconf 83' lang='lat' dir='ltr'>eodieem</span> <span class='ocrx_word' id='word_1_158' title='bbox 905 2129 1171 2215; x_wconf 80' lang='lat' dir='ltr'>Harpocrationis</span> <span class='ocrx_word' id='word_1_159' title='bbox 1195 2132 1291 2216; x_wconf 78' lang='lat' dir='ltr'>epito</span> 
     </span>
     <span class='ocr_line' id='line_1_20' title="bbox 157 2233 1292 2316; baseline 0.003 -21"><span class='ocrx_word' id='word_1_160' title='bbox 157 2253 229 2297; x_wconf 87' lang='lat' dir='ltr'>mae</span> <span class='ocrx_word' id='word_1_161' title='bbox 259 2233 416 2298; x_wconf 82' lang='lat' dir='ltr'>»omnium</span> <span class='ocrx_word' id='word_1_162' title='bbox 443 2233 701 2315; x_wconf 80' lang='lat' dir='ltr'>antiquissimum</span> <span class='ocrx_word' id='word_1_163' title='bbox 709 2258 723 2293; x_wconf 81' lang='grc'>1</span> <span class='ocrx_word' id='word_1_164' title='bbox 752 2234 951 2316; x_wconf 82' lang='lat' dir='ltr'>Palatinum,</span> <span class='ocrx_word' id='word_1_165' title='bbox 984 2253 1079 2316; x_wconf 89' lang='lat' dir='ltr'>quem</span> <span class='ocrx_word' id='word_1_166' title='bbox 1102 2235 1129 2298; x_wconf 84' lang='lat' dir='ltr'>E</span> <span class='ocrx_word' id='word_1_167' title='bbox 1152 2235 1292 2300; x_wconf 80' lang='lat' dir='ltr'>nominat</span> 
     </span>
     <span class='ocr_line' id='line_1_21' title="bbox 156 2335 1290 2421; baseline 0.004 -23"><span class='ocrx_word' id='word_1_168' title='bbox 156 2335 297 2400; x_wconf 83' lang='lat' dir='ltr'>Dindorf</span> <span class='ocrx_word' id='word_1_169' title='bbox 315 2336 416 2421; x_wconf 86' lang='lat' dir='ltr'><strong>praef.</strong></span> <span class='ocrx_word' id='word_1_170' title='bbox 434 2359 466 2421; x_wconf 91' lang='lat' dir='ltr'>p.</span> <span class='ocrx_word' id='word_1_171' title='bbox 486 2337 557 2418; x_wconf 85' lang='lat' dir='ltr'>XV,</span> <span class='ocrx_word' id='word_1_172' title='bbox 584 2343 619 2400; x_wconf 91' lang='lat' dir='ltr'>ut</span> <span class='ocrx_word' id='word_1_173' title='bbox 640 2338 755 2402; x_wconf 84' lang='lat' dir='ltr'>librum</span> <span class='ocrx_word' id='word_1_174' title='bbox 778 2337 820 2401; x_wconf 82' lang='lat' dir='ltr'>ab</span> <span class='ocrx_word' id='word_1_175' title='bbox 842 2337 986 2403; x_wconf 83' lang='lat' dir='ltr'>Eudoeia</span> <span class='ocrx_word' id='word_1_176' title='bbox 1009 2343 1201 2421; x_wconf 80' lang='lat' dir='ltr'>usurpatum</span> <span class='ocrx_word' id='word_1_177' title='bbox 1224 2356 1290 2404; x_wconf 79' lang='lat' dir='ltr'>esse</span> 
     </span>
     <span class='ocr_line' id='line_1_22' title="bbox 158 2437 1291 2526; baseline 0.001 -23"><span class='ocrx_word' id='word_1_178' title='bbox 158 2439 368 2522; x_wconf 80' lang='lat' dir='ltr'><strong>demonstret,</strong></span> <span class='ocrx_word' id='word_1_179' title='bbox 401 2441 570 2506; x_wconf 86' lang='lat' dir='ltr'>lectionem</span> <span class='ocrx_word' id='word_1_180' title='bbox 593 2437 678 2503; x_wconf 86' lang='grc' dir='ltr'><strong><em>κατὰ</em></strong></span> <span class='ocrx_word' id='word_1_181' title='bbox 701 2442 964 2526; x_wconf 78' lang='grc' dir='ltr'><strong><em>Κερσοβλέπτου</em></strong></span> <span class='ocrx_word' id='word_1_182' title='bbox 986 2462 1057 2506; x_wconf 86' lang='lat' dir='ltr'>oum</span> <span class='ocrx_word' id='word_1_183' title='bbox 1080 2459 1119 2504; x_wconf 91' lang='lat' dir='ltr'>eo</span> <span class='ocrx_word' id='word_1_184' title='bbox 1142 2441 1291 2508; x_wconf 84' lang='lat' dir='ltr'>exhibere</span> 
     </span>
     <span class='ocr_line' id='line_1_23' title="bbox 156 2543 1293 2627; baseline 0.003 -20"><span class='ocrx_word' id='word_1_185' title='bbox 156 2543 325 2608; x_wconf 86' lang='lat' dir='ltr'>violarium</span> <span class='ocrx_word' id='word_1_186' title='bbox 346 2564 378 2627; x_wconf 90' lang='lat' dir='ltr'>p.</span> <span class='ocrx_word' id='word_1_187' title='bbox 399 2548 437 2608; x_wconf 84' lang='lat'>37</span> <span class='ocrx_word' id='word_1_188' title='bbox 462 2543 562 2609; x_wconf 84' lang='lat' dir='ltr'>Flaeh</span> <span class='ocrx_word' id='word_1_189' title='bbox 585 2543 755 2625; x_wconf 79' lang='lat' dir='ltr'>contendit,</span> <span class='ocrx_word' id='word_1_190' title='bbox 781 2565 844 2609; x_wconf 89' lang='lat' dir='ltr'>non</span> <span class='ocrx_word' id='word_1_191' title='bbox 866 2551 968 2624; x_wconf 79' lang='lat' dir='ltr'>reete3</span> <span class='ocrx_word' id='word_1_192' title='bbox 1001 2564 1076 2608; x_wconf 86' lang='lat' dir='ltr'>nam</span> <span class='ocrx_word' id='word_1_193' title='bbox 1099 2543 1206 2609; x_wconf 81' lang='lat' dir='ltr'>codex</span> <span class='ocrx_word' id='word_1_194' title='bbox 1228 2545 1293 2610; x_wconf 87' lang='lat' dir='ltr'>vio·</span> 
     </span>
     <span class='ocr_line' id='line_1_24' title="bbox 156 2647 1292 2733; baseline 0.003 -23"><span class='ocrx_word' id='word_1_195' title='bbox 156 2647 238 2728; x_wconf 86' lang='lat' dir='ltr'>larii,</span> <span class='ocrx_word' id='word_1_196' title='bbox 259 2653 293 2712; x_wconf 91' lang='lat' dir='ltr'>ut</span> <span class='ocrx_word' id='word_1_197' title='bbox 309 2667 405 2730; x_wconf 85' lang='lat' dir='ltr'><strong>supra</strong></span> <span class='ocrx_word' id='word_1_198' title='bbox 421 2647 490 2712; x_wconf 86' lang='lat' dir='ltr'>dixi</span> <span class='ocrx_word' id='word_1_199' title='bbox 505 2651 546 2733; x_wconf 79' lang='lat' dir='ltr'><strong>(p.</strong></span> <span class='ocrx_word' id='word_1_200' title='bbox 560 2648 623 2729; x_wconf 79' lang='lat' dir='ltr'>to),</span> <span class='ocrx_word' id='word_1_201' title='bbox 649 2648 910 2732; x_wconf 82' lang='grc' dir='ltr'><strong><em>κερσοβλέτστειν</em></strong></span> <span class='ocrx_word' id='word_1_202' title='bbox 925 2667 997 2712; x_wconf 89' lang='lat' dir='ltr'>oum</span> <span class='ocrx_word' id='word_1_203' title='bbox 1012 2647 1198 2732; x_wconf 84' lang='lat' dir='ltr'>Basileensi</span> <span class='ocrx_word' id='word_1_204' title='bbox 1209 2649 1292 2713; x_wconf 82' lang='lat' dir='ltr'>Phn-</span> 
     </span>
     <span class='ocr_line' id='line_1_25' title="bbox 156 2749 1289 2835; baseline 0.001 -20"><span class='ocrx_word' id='word_1_205' title='bbox 156 2750 266 2815; x_wconf 83' lang='lat' dir='ltr'>vorino</span> <span class='ocrx_word' id='word_1_206' title='bbox 288 2750 395 2816; x_wconf 86' lang='lat' dir='ltr'>tradit.</span> <span class='ocrx_word' id='word_1_207' title='bbox 439 2751 553 2832; x_wconf 91' lang='lat' dir='ltr'>Neque</span> <span class='ocrx_word' id='word_1_208' title='bbox 576 2770 617 2815; x_wconf 84' lang='lat' dir='ltr'>ex</span> <span class='ocrx_word' id='word_1_209' title='bbox 632 2752 698 2815; x_wconf 91' lang='lat' dir='ltr'>ullo</span> <span class='ocrx_word' id='word_1_210' title='bbox 712 2751 975 2835; x_wconf 79' lang='lat' dir='ltr'>Harpocrationis</span> <span class='ocrx_word' id='word_1_211' title='bbox 998 2749 1106 2815; x_wconf 81' lang='lat' dir='ltr'>codiee</span> <span class='ocrx_word' id='word_1_212' title='bbox 1128 2750 1289 2817; x_wconf 82' lang='lat' dir='ltr'>inversum</span> 
     </span>
     <span class='ocr_line' id='line_1_26' title="bbox 156 2847 1335 2955; baseline 0.002 -39"><span class='ocrx_word' id='word_1_213' title='bbox 156 2854 367 2918; x_wconf 87' lang='lat' dir='ltr'>membrorum</span> <span class='ocrx_word' id='word_1_214' title='bbox 391 2855 533 2920; x_wconf 88' lang='lat' dir='ltr'>ordinem</span> <span class='ocrx_word' id='word_1_215' title='bbox 556 2875 588 2939; x_wconf 91' lang='lat' dir='ltr'><strong>p.</strong></span> <span class='ocrx_word' id='word_1_216' title='bbox 608 2857 649 2918; x_wconf 91' lang='grc'>43</span> <span class='ocrx_word' id='word_1_217' title='bbox 673 2854 753 2940; x_wconf 76' lang='grc' dir='ltr'><strong><em>περὶ</em></strong></span> <span class='ocrx_word' id='word_1_218' title='bbox 767 2847 1032 2938; x_wconf 73' lang='grc' dir='ltr'><strong><em>Ἀνθεμοκρίτου</em></strong></span> <span class='ocrx_word' id='word_1_219' title='bbox 1057 2854 1165 2936; x_wconf 85' lang='lat' dir='ltr'>habet,</span> <span class='ocrx_word' id='word_1_220' title='bbox 1194 2854 1290 2920; x_wconf 81' lang='lat' dir='ltr'>sede</span> <span class='ocrx_word' id='word_1_221' title='bbox 1333 2934 1335 2955; x_wconf 49' lang='grc' dir='ltr'>Ι</span> 
     </span>
     <span class='ocr_line' id='line_1_27' title="bbox 155 2952 1290 3044; baseline 0.004 -24"><span class='ocrx_word' id='word_1_222' title='bbox 155 2957 344 3039; x_wconf 87' lang='lat' dir='ltr'>Phavorino,</span> <span class='ocrx_word' id='word_1_223' title='bbox 371 2958 540 3042; x_wconf 89' lang='lat' dir='ltr'>eidemque</span> <span class='ocrx_word' id='word_1_224' title='bbox 555 2959 697 3041; x_wconf 85' lang='lat' dir='ltr'>glossam</span> <span class='ocrx_word' id='word_1_225' title='bbox 713 2958 793 3043; x_wconf 77' lang='grc' dir='ltr'><strong><em>περί</em></strong></span> <span class='ocrx_word' id='word_1_226' title='bbox 808 2952 1064 3044; x_wconf 79' lang='grc' dir='ltr'><strong><em>Ἀμφιδρομίων</em></strong></span> <span class='ocrx_word' id='word_1_227' title='bbox 1085 2977 1117 3041; x_wconf 93' lang='lat' dir='ltr'>p.</span> <span class='ocrx_word' id='word_1_228' title='bbox 1134 2960 1175 3021; x_wconf 87' lang='grc'>39</span> <span class='ocrx_word' id='word_1_229' title='bbox 1195 2965 1290 3024; x_wconf 83' lang='lat' dir='ltr'>totam</span> 
     </span>
     <span class='ocr_line' id='line_1_28' title="bbox 156 3059 1291 3146; baseline 0.003 -22"><span class='ocrx_word' id='word_1_230' title='bbox 156 3060 266 3126; x_wconf 74' lang='lat' dir='ltr'>deberi</span> <span class='ocrx_word' id='word_1_231' title='bbox 290 3082 388 3144; x_wconf 82' lang='lat' dir='ltr'><strong>supro.</strong></span> <span class='ocrx_word' id='word_1_232' title='bbox 408 3065 451 3146; x_wconf 87' lang='lat' dir='ltr'><strong>(p.</strong></span> <span class='ocrx_word' id='word_1_233' title='bbox 471 3065 500 3146; x_wconf 76' lang='lat'>8)</span> <span class='ocrx_word' id='word_1_234' title='bbox 528 3061 703 3140; x_wconf 82' lang='lat' dir='ltr'>doouimus;</span> <span class='ocrx_word' id='word_1_235' title='bbox 729 3062 762 3126; x_wconf 94' lang='lat' dir='ltr'>in</span> <span class='ocrx_word' id='word_1_236' title='bbox 785 3083 849 3145; x_wconf 84' lang='lat' dir='ltr'>qua</span> <span class='ocrx_word' id='word_1_237' title='bbox 870 3081 953 3144; x_wconf 86' lang='lat' dir='ltr'>quae</span> <span class='ocrx_word' id='word_1_238' title='bbox 969 3061 1068 3126; x_wconf 81' lang='lat' dir='ltr'>verbu</span> <span class='ocrx_word' id='word_1_239' title='bbox 1088 3059 1206 3126; x_wconf 88' lang='lat' dir='ltr'>omittit</span> <span class='ocrx_word' id='word_1_240' title='bbox 1227 3063 1291 3126; x_wconf 83' lang='lat' dir='ltr'>Eu-</span> 
     </span>
     <span class='ocr_line' id='line_1_29' title="bbox 155 3158 1291 3250; baseline 0.004 -24"><span class='ocrx_word' id='word_1_241' title='bbox 155 3163 250 3228; x_wconf 83' lang='lat' dir='ltr'>dooiu</span> <span class='ocrx_word' id='word_1_242' title='bbox 272 3169 408 3240; x_wconf 83' lang='grc' dir='ltr'><strong><em>Λοσίας</em></strong></span> <span class='ocrx_word' id='word_1_243' title='bbox 424 3202 464 3212; x_wconf 79' lang='lat'>-</span> <span class='ocrx_word' id='word_1_244' title='bbox 482 3158 498 3230; x_wconf 84' lang='grc' dir='ltr'>ὁ</span> <span class='ocrx_word' id='word_1_245' title='bbox 516 3162 625 3249; x_wconf 79' lang='grc' dir='ltr'><strong><em>λόγος,</em></strong></span> <span class='ocrx_word' id='word_1_246' title='bbox 652 3187 692 3232; x_wconf 84' lang='lat' dir='ltr'>ea</span> <span class='ocrx_word' id='word_1_247' title='bbox 714 3164 798 3248; x_wconf 91' lang='lat' dir='ltr'>quod</span> <span class='ocrx_word' id='word_1_248' title='bbox 821 3165 918 3231; x_wconf 87' lang='lat' dir='ltr'>etiam</span> <span class='ocrx_word' id='word_1_249' title='bbox 941 3165 982 3229; x_wconf 88' lang='lat' dir='ltr'>ab</span> <span class='ocrx_word' id='word_1_250' title='bbox 1005 3164 1143 3248; x_wconf 87' lang='lat' dir='ltr'>epitome</span> <span class='ocrx_word' id='word_1_251' title='bbox 1165 3165 1291 3250; x_wconf 79' lang='lat' dir='ltr'>Haupo</span> 
     </span>
     <span class='ocr_line' id='line_1_30' title="bbox 155 3266 1290 3353; baseline 0.002 -24"><span class='ocrx_word' id='word_1_252' title='bbox 155 3266 306 3331; x_wconf 83' lang='lat' dir='ltr'>erationis</span> <span class='ocrx_word' id='word_1_253' title='bbox 321 3269 470 3333; x_wconf 82' lang='lat' dir='ltr'>Palatina</span> <span class='ocrx_word' id='word_1_254' title='bbox 492 3269 620 3350; x_wconf 81' lang='lat' dir='ltr'>absunt,</span> <span class='ocrx_word' id='word_1_255' title='bbox 646 3288 708 3332; x_wconf 92' lang='lat' dir='ltr'>non</span> <span class='ocrx_word' id='word_1_256' title='bbox 731 3275 780 3333; x_wconf 86' lang='lat' dir='ltr'>est</span> <span class='ocrx_word' id='word_1_257' title='bbox 801 3269 886 3353; x_wconf 93' lang='lat' dir='ltr'>quod</span> <span class='ocrx_word' id='word_1_258' title='bbox 907 3268 1075 3347; x_wconf 83' lang='lat' dir='ltr'>miremur3</span> <span class='ocrx_word' id='word_1_259' title='bbox 1102 3266 1183 3331; x_wconf 93' lang='lat' dir='ltr'>nihil</span> <span class='ocrx_word' id='word_1_260' title='bbox 1207 3268 1290 3333; x_wconf 85' lang='lat' dir='ltr'>enim</span> 
     </span>
     <span class='ocr_line' id='line_1_31' title="bbox 71 3370 1291 3459; baseline 0.004 -26"><span class='ocrx_word' id='word_1_261' title='bbox 71 3455 74 3459; x_wconf 10' lang='grc' dir='ltr'><strong>ἡ</strong></span> <span class='ocrx_word' id='word_1_262' title='bbox 155 3390 227 3434; x_wconf 89' lang='lat' dir='ltr'>eum</span> <span class='ocrx_word' id='word_1_263' title='bbox 258 3370 465 3455; x_wconf 86' lang='lat' dir='ltr'>epitomatore</span> <span class='ocrx_word' id='word_1_264' title='bbox 488 3371 650 3436; x_wconf 84' lang='lat' dir='ltr'>Eudoeiae</span> <span class='ocrx_word' id='word_1_265' title='bbox 679 3391 845 3437; x_wconf 82' lang='lat' dir='ltr'>commune</span> <span class='ocrx_word' id='word_1_266' title='bbox 874 3379 924 3437; x_wconf 84' lang='lat' dir='ltr'>est</span> <span class='ocrx_word' id='word_1_267' title='bbox 948 3372 1010 3437; x_wconf 85' lang='lat' dir='ltr'>nisi</span> <span class='ocrx_word' id='word_1_268' title='bbox 1032 3370 1201 3436; x_wconf 83' lang='lat' dir='ltr'>brevitatis</span> <span class='ocrx_word' id='word_1_269' title='bbox 1225 3378 1291 3437; x_wconf 82' lang='lat' dir='ltr'>stu-</span> 
     </span>
     <span class='ocr_line' id='line_1_32' title="bbox 155 3473 253 3538; baseline 0.01 -1"><span class='ocrx_word' id='word_1_270' title='bbox 155 3473 253 3538; x_wconf 90' lang='lat' dir='ltr'>dium.</span> 
     </span>
    </p>
   </div>
   <div class='ocr_carea' id='block_1_4' title="bbox 154 3682 1293 4177">
    <p class='ocr_par' dir='ltr' id='par_1_7' title="bbox 154 3682 1293 4177">
     <span class='ocr_line' id='line_1_33' title="bbox 241 3682 1290 3768; baseline 0.003 -22"><span class='ocrx_word' id='word_1_271' title='bbox 241 3683 312 3768; x_wconf 67' lang='lat' dir='ltr'>§tt</span> <span class='ocrx_word' id='word_1_272' title='bbox 358 3683 472 3748; x_wconf 81' lang='lat' dir='ltr'>Eidem</span> <span class='ocrx_word' id='word_1_273' title='bbox 510 3683 689 3748; x_wconf 83' lang='lat' dir='ltr'>Phavorino</span> <span class='ocrx_word' id='word_1_274' title='bbox 727 3682 824 3748; x_wconf 83' lang='lat' dir='ltr'>etium</span> <span class='ocrx_word' id='word_1_275' title='bbox 862 3703 902 3748; x_wconf 85' lang='lat' dir='ltr'>ea</span> <span class='ocrx_word' id='word_1_276' title='bbox 938 3682 1111 3764; x_wconf 86' lang='lat' dir='ltr'>debentur,</span> <span class='ocrx_word' id='word_1_277' title='bbox 1151 3702 1237 3764; x_wconf 83' lang='lat' dir='ltr'>quae</span> <span class='ocrx_word' id='word_1_278' title='bbox 1272 3703 1290 3748; x_wconf 84' lang='lat' dir='ltr'>e</span> 
     </span>
     <span class='ocr_line' id='line_1_34' title="bbox 154 3783 1288 3871; baseline 0.001 -23"><span class='ocrx_word' id='word_1_279' title='bbox 154 3783 313 3850; x_wconf 86' lang='grc' dir='ltr'>ΡΗΟΤΙΟ</span> <span class='ocrx_word' id='word_1_280' title='bbox 344 3785 514 3871; x_wconf 85' lang='lat' dir='ltr'>desumpta</span> <span class='ocrx_word' id='word_1_281' title='bbox 542 3792 624 3853; x_wconf 84' lang='lat' dir='ltr'>teste</span> <span class='ocrx_word' id='word_1_282' title='bbox 647 3786 780 3851; x_wconf 85' lang='lat' dir='ltr'>Fluehio</span> <span class='ocrx_word' id='word_1_283' title='bbox 803 3807 835 3870; x_wconf 94' lang='lat' dir='ltr'><strong>p.</strong></span> <span class='ocrx_word' id='word_1_284' title='bbox 866 3790 924 3848; x_wconf 83' lang='grc'>1115</span> <span class='ocrx_word' id='word_1_285' title='bbox 954 3785 988 3848; x_wconf 91' lang='lat' dir='ltr'>in</span> <span class='ocrx_word' id='word_1_286' title='bbox 1010 3784 1143 3857; x_wconf 73' lang='lat' dir='ltr'>uiolatio</span> <span class='ocrx_word' id='word_1_287' title='bbox 1166 3793 1288 3852; x_wconf 83' lang='lat' dir='ltr'>extant.</span> 
     </span>
     <span class='ocr_line' id='line_1_35' title="bbox 154 3883 1293 3976; baseline 0.004 -26"><span class='ocrx_word' id='word_1_288' title='bbox 154 3888 237 3951; x_wconf 84' lang='lat' dir='ltr'>Nam</span> <span class='ocrx_word' id='word_1_289' title='bbox 253 3910 285 3973; x_wconf 94' lang='lat' dir='ltr'><strong>p.</strong></span> <span class='ocrx_word' id='word_1_290' title='bbox 304 3893 363 3953; x_wconf 86' lang='grc'>199</span> <span class='ocrx_word' id='word_1_291' title='bbox 375 3883 557 3973; x_wconf 85' lang='grc' dir='ltr'><strong><em>Ὁμολώϊος</em></strong></span> <span class='ocrx_word' id='word_1_292' title='bbox 572 3929 615 3937; x_wconf 90' lang='grc'>-</span> <span class='ocrx_word' id='word_1_293' title='bbox 630 3889 667 3956; x_wconf 75' lang='grc' dir='ltr'>ἐν</span> <span class='ocrx_word' id='word_1_294' title='bbox 684 3887 813 3976; x_wconf 75' lang='grc' dir='ltr'><strong><em>Θήβαις</em></strong></span> <span class='ocrx_word' id='word_1_295' title='bbox 829 3909 846 3953; x_wconf 84' lang='lat' dir='ltr'>e</span> <span class='ocrx_word' id='word_1_296' title='bbox 862 3887 996 3953; x_wconf 79' lang='lat' dir='ltr'><strong>Phavor.</strong></span> <span class='ocrx_word' id='word_1_297' title='bbox 1016 3909 1048 3971; x_wconf 94' lang='lat' dir='ltr'><strong>p.</strong></span> <span class='ocrx_word' id='word_1_298' title='bbox 1068 3890 1147 3951; x_wconf 82' lang='lat'>1358</span> <span class='ocrx_word' id='word_1_299' title='bbox 1165 3897 1293 3975; x_wconf 78' lang='lat' dir='ltr'>sumpta</span> 
     </span>
     <span class='ocr_line' id='line_1_36' title="bbox 156 3984 1292 4078; baseline 0.002 -23"><span class='ocrx_word' id='word_1_300' title='bbox 156 4000 239 4073; x_wconf 82' lang='lat' dir='ltr'>sunt,</span> <span class='ocrx_word' id='word_1_301' title='bbox 266 3993 355 4057; x_wconf 82' lang='lat' dir='ltr'>euius</span> <span class='ocrx_word' id='word_1_302' title='bbox 379 4002 427 4058; x_wconf 79' lang='lat' dir='ltr'>est</span> <span class='ocrx_word' id='word_1_303' title='bbox 450 3993 521 4058; x_wconf 82' lang='lat' dir='ltr'>sons</span> <span class='ocrx_word' id='word_1_304' title='bbox 545 3994 670 4076; x_wconf 81' lang='lat' dir='ltr'>Suidus,</span> <span class='ocrx_word' id='word_1_305' title='bbox 697 4015 759 4058; x_wconf 91' lang='lat' dir='ltr'>non</span> <span class='ocrx_word' id='word_1_306' title='bbox 781 3992 928 4056; x_wconf 82' lang='lat' dir='ltr'>Photius:</span> <span class='ocrx_word' id='word_1_307' title='bbox 957 3991 1012 4053; x_wconf 81' lang='grc' dir='ltr'>καὶ</span> <span class='ocrx_word' id='word_1_308' title='bbox 1030 3984 1046 4054; x_wconf 84' lang='grc' dir='ltr'>ὁ</span> <span class='ocrx_word' id='word_1_309' title='bbox 1065 3989 1101 4055; x_wconf 80' lang='grc' dir='ltr'>ἐν</span> <span class='ocrx_word' id='word_1_310' title='bbox 1119 3994 1292 4078; x_wconf 79' lang='grc' dir='ltr'><strong><em>Θεσσαλίᾳ</em></strong></span> 
     </span>
     <span class='ocr_line' id='line_1_37' title="bbox 155 4088 1289 4177; baseline 0.004 -20"><span class='ocrx_word' id='word_1_311' title='bbox 155 4094 260 4176; x_wconf 81' lang='grc' dir='ltr'>Ρ11111.,</span> <span class='ocrx_word' id='word_1_312' title='bbox 287 4097 343 4159; x_wconf 84' lang='grc' dir='ltr'>καὶ</span> <span class='ocrx_word' id='word_1_313' title='bbox 368 4095 403 4162; x_wconf 77' lang='grc' dir='ltr'>ἐν</span> <span class='ocrx_word' id='word_1_314' title='bbox 429 4099 529 4161; x_wconf 83' lang='grc' dir='ltr'><strong><em>Θεσσ.</em></strong></span> <span class='ocrx_word' id='word_1_315' title='bbox 556 4098 646 4163; x_wconf 79' lang='lat' dir='ltr'>Suid.</span> <span class='ocrx_word' id='word_1_316' title='bbox 672 4097 808 4161; x_wconf 83' lang='lat' dir='ltr'><strong>Phavor.</strong></span> <span class='ocrx_word' id='word_1_317' title='bbox 835 4095 918 4160; x_wconf 81' lang='lat' dir='ltr'>Eud.</span> <span class='ocrx_word' id='word_1_318' title='bbox 948 4096 960 4177; x_wconf 66' lang='lat' dir='ltr'>il</span> <span class='ocrx_word' id='word_1_319' title='bbox 987 4088 1158 4175; x_wconf 82' lang='grc' dir='ltr'><strong><em>Ὁμσλώας</em></strong></span> <span class='ocrx_word' id='word_1_320' title='bbox 1181 4096 1289 4175; x_wconf 64' lang='lat' dir='ltr'>Phoe,</span> 
     </span>
    </p>
   </div>
   <div class='ocr_carea' id='block_1_5' title="bbox 151 4190 1293 4282">
    <p class='ocr_par' dir='ltr' id='par_1_8' title="bbox 151 4190 1293 4282">
     <span class='ocr_line' id='line_1_38' title="bbox 151 4190 1293 4282; baseline 0.002 -22"><span class='ocrx_word' id='word_1_321' title='bbox 151 4190 339 4280; x_wconf 78' lang='grc' dir='ltr'><strong><em>Ὁμολωΐας</em></strong></span> <span class='ocrx_word' id='word_1_322' title='bbox 362 4201 452 4265; x_wconf 80' lang='lat' dir='ltr'>Suid.</span> <span class='ocrx_word' id='word_1_323' title='bbox 479 4202 614 4265; x_wconf 84' lang='lat' dir='ltr'><strong>Phavor.</strong></span> <span class='ocrx_word' id='word_1_324' title='bbox 642 4201 723 4265; x_wconf 79' lang='lat' dir='ltr'>Eud.</span> <span class='ocrx_word' id='word_1_325' title='bbox 757 4201 769 4281; x_wconf 73' lang='lat' dir='ltr'>ss</span> <span class='ocrx_word' id='word_1_326' title='bbox 800 4191 817 4262; x_wconf 81' lang='lat' dir='ltr'>d</span> <span class='ocrx_word' id='word_1_327' title='bbox 842 4193 1089 4282; x_wconf 78' lang='grc' dir='ltr'><strong><em>Ἀριστοφάνης</em></strong></span> <span class='ocrx_word' id='word_1_328' title='bbox 1111 4198 1216 4280; x_wconf 74' lang='lat' dir='ltr'>Phoe,</span> <span class='ocrx_word' id='word_1_329' title='bbox 1249 4193 1293 4275; x_wconf 86' lang='grc' dir='ltr'>ὡς</span> 
     </span>
    </p>
   </div>
   <div class='ocr_carea' id='block_1_6' title="bbox 0 0 1460 4882">
    <p class='ocr_par' dir='ltr' id='par_1_9' title="bbox 0 0 1460 4882">
     <span class='ocr_line' id='line_1_39' title="bbox 0 0 1460 4882; baseline 0 0"><span class='ocrx_word' id='word_1_330' title='bbox 0 0 1460 4882; x_wconf 95' lang='lat' dir='ltr'> </span> 
     </span>
    </p>
   </div>
  </div>
 </body>
</html>
