2910 4882
534 364 575 371 -
624 327 708 408 [347]
756 364 798 371 -
1047 303 1049 306 ’
1193 330 1232 391 35

99 534 129 597 p.
151 517 227 592 110;
261 513 375 596 quibus
398 513 541 580 addendi
565 520 639 579 sunt
660 535 723 580 uon
745 516 849 599 pauci,
884 517 972 580 velut
995 537 1068 601 pag.
1089 521 1129 578 75
1153 519 1233 603 περὶ

99 613 348 704 Ἀριστάνδρου.
382 614 623 703 στρατεύοντος
653 656 694 664 -
725 616 874 703 ἔφασκεν
895 620 985 684 Eust.
1012 619 1105 683 Dion.
1132 621 1233 706 74711

99 721 133 784 Ρ.
152 724 192 785 86
217 723 298 808 περὶ
312 715 483 807 Ἀψύρτου
504 723 595 787 Eust.
614 722 708 787 Dion.
728 724 801 787 488,
832 722 844 806 ll
874 723 908 785 Ρ.
927 726 987 785 122
1011 721 1123 788 ἰστέον
1137 723 1175 788 δὲ
1190 763 1233 772 -

99 846 127 909 p.
150 828 210 889 123
234 823 459 891 πολύστικτον
480 827 571 891 Eust.
597 826 690 891 Dion.
714 829 776 889 566
800 830 833 889 et
856 828 929 889 700.
962 824 974 909 Η
1012 827 1048 889 Ρ.
1070 831 1129 891 147
1154 829 1233 911 ττερὶ

98 936 156 1016 τῆς
174 923 381 1017 Ἐμπούσρς·
416 931 554 1024 λέγεται,
570 929 606 994 δὲ
629 967 670 978 -
699 923 922 1017 ἡἜμττονσα.
948 931 1037 996 Eust.
1064 929 1105 993 D.
1133 934 1204 994 723.
1224 929 1232 1016 ΙΙ

97 1033 132 1096 Ρ.
159 1037 221 1098 254
253 1034 331 1119 περὶ
362 1041 422 1100 τοῦ
451 1039 591 1120 κέρατος
622 1040 680 1121 τῆς
696 1027 903 1116 Ἀμαλθείας
932 1072 973 1081 -
1002 1030 1149 1100 ἒτύττουν
1172 1029 1232 1100 αὐ-

97 1133 186 1212 τούς.
212 1139 303 1203 Eust.
322 1139 362 1202 D.
378 1141 453 1201 431.
472 1137 484 1222 ΙΙ
507 1138 543 1202 Ρ.
556 1141 617 1201 429
641 1138 720 1222 περὶ
736 1144 796 1202 τοῦ
809 1134 981 1224 Χάρητος·
1007 1137 1096 1214 τινὲς
1111 1137 1148 1202 δέ
1164 1162 1233 1224 φα-

96 1262 152 1306 σιν
166 1279 210 1289 -
225 1238 397 1327 πάρεργον
419 1249 451 1307 et
472 1242 505 1306 in
527 1241 790 1307 antecedentibus
814 1240 973 1324 quaedam
988 1243 1079 1306 Eust.
1097 1241 1138 1304 D.
1156 1246 1229 1306 504.

183 1343 319 1411 Videtur
340 1352 447 1411 autem
469 1343 612 1410 Eudocia
638 1365 701 1411 uon
723 1345 899 1430 principem
922 1344 1093 1411 editionem
1116 1346 1233 1410 11111111-
1361 1363 1363 1368 ·

94 1448 157 1514 thii
187 1449 231 1514 ad
252 1449 444 1533 Dionysium
475 1448 772 1515 commentariorum
795 1447 973 1512 Parisinam
996 1452 1140 1530 111547,
1175 1449 1233 1513 sed

95 1551 240 1617 codicem
263 1551 403 1636 aliquem
426 1573 489 1617 non
511 1552 629 1617 bonum
651 1552 825 1631 evolvisse3
856 1572 930 1616 nam
960 1552 1039 1616 satis
1061 1552 1162 1616 multa
1184 1552 1233 1615 vi-

94 1656 145 1721 tia
167 1676 238 1721 cum
261 1655 418 1723 deteriore
441 1655 586 1722 codicum
615 1677 733 1740 genere
756 1656 936 1721 communia
964 1655 1015 1720 his
1044 1656 1123 1720 locis
1147 1663 1230 1721 sunt.

185 1862 250 1929 Sed
272 1864 457 1948 priusquam
479 1863 683 1929 Eustathium
711 1863 844 1928 missum
873 1862 1007 1944 faciam,
1045 1863 1085 1927 de
1107 1863 1233 1927 Flaohii

97 1967 257 2032 sententia
286 1966 447 2050 agendum
477 1967 555 2031 mihi
585 1972 634 2031 est
664 1964 791 2031 eosdem
814 1965 976 2030 Eustathii
1005 1971 1102 2046 atque
1124 1967 1233 2031 Eudo-

97 2070 167 2137 oiae
190 2070 294 2135 fontes
317 2089 389 2136 esse
412 2070 583 2135 censentis.
628 2069 687 2152 (01.
712 2069 812 2134 Flach
835 2090 868 2153 p.
890 2072 946 2130 111
969 2070 1029 2152 sq.)

184 2173 287 2257 Atque
318 2174 456 2258 primum
486 2174 614 2257 quidem
645 2194 795 2255 magnum
826 2192 992 2237 numerum
1024 2172 1162 2236 locorum
1193 2194 1233 2238 ex

97 2278 265 2344 Eustathio
298 2278 541 2361 interpolatione
574 2277 607 2342 in
637 2276 805 2342 violarium
835 2275 1003 2360 irrepsisse
1033 2282 1067 2340 ut
1097 2275 1234 2340 arbitre-

97 2388 158 2462 tur,
192 2401 232 2446 ea
261 2401 357 2464 quam
385 2381 532 2465 concepit
558 2379 598 2445 de
622 2380 764 2445 Eudocia
786 2379 933 2462 Augusta
956 2379 1081 2444 violarii
1104 2386 1232 2444 auctore

98 2485 247 2569 opinione
270 2485 402 2568 cogitur.
450 2484 519 2562 Quo
549 2482 589 2549 de
611 2503 729 2567 genere
761 2482 945 2568 explicandi
974 2481 1052 2564 quid
1080 2481 1228 2563 iudicem,

100 2608 197 2674 supra
220 2610 251 2673 p.
273 2593 311 2651 15
327 2608 375 2672 sq.
401 2588 546 2673 exposui.
594 2588 679 2653 Vitia
702 2586 786 2670 quod
808 2587 921 2653 eadem
951 2584 1036 2670 apud
1066 2592 1233 2667 utrumque

99 2690 390 2776 deprehenduntur,
423 2690 457 2755 id
486 2711 549 2755 non
571 2690 850 2775 interpolatorum,
884 2689 941 2754 sed
963 2688 1134 2754 Phavorini
1158 2709 1235 2773 ope-

99 2817 203 2861 rarum
228 2802 259 2860 et
282 2794 405 2860 falsarii
429 2794 593 2860 socordiae
616 2793 819 2860 tribuendum
842 2800 907 2871 est;
942 2813 1047 2874 neque
1077 2793 1160 2858 alios
1183 2799 1232 2857 at-

100 2920 160 2981 que
183 2900 371 2965 Eustathius
400 2904 546 2965 auctores
576 2897 719 2963 Eudocia
747 2897 880 2963 laudare
910 2896 1026 2981 potuit,
1060 2916 1132 2961 oum
1160 2917 1232 2961 eum

99 3002 304 3069 describeret.
358 3003 538 3069 Pausaniae
572 3002 698 3067 lexicon
727 3007 874 3082 quattuor
906 3000 985 3064 locis
1019 3000 1059 3065 ab
1090 2998 1233 3065 Eudooia

99 3107 264 3189 laudatur,
301 3107 357 3189 qui
390 3106 451 3172 looi
486 3125 595 3172 omnes
629 3105 808 3170 Phavorino
842 3103 1016 3177 debentur;
1054 3104 1234 3169 Pausaniae

100 3212 183 3277 enim
206 3211 306 3295 ipsius
330 3211 455 3277 lexicon
473 3210 577 3293 magis
599 3209 742 3293 ignotum
758 3208 890 3274 falsario
906 3227 1001 3290 quam
1024 3207 1115 3272 nobis
1131 3207 1232 3273 fuisse

99 3315 272 3381 verisimile
303 3321 361 3380 est.
408 3315 458 3379 De
488 3315 598 3397 glossa
626 3335 658 3398 p.
683 3315 724 3375 43
755 3313 833 3397 περὶ
857 3306 1062 3387 Ἀντικλείας
1091 3311 1171 3376 satis
1199 3312 1232 3377 in

98 3418 314 3505 superioribus
337 3418 470 3502 exposui
499 3417 548 3501 (of.
574 3439 605 3502 p.
627 3419 692 3502 20).

184 3524 315 3586 Praeter
343 3520 402 3585 hos
425 3528 531 3586 autem
563 3520 808 3605 »interpolatos«
838 3519 924 3584 locos
952 3538 1016 3584 non
1044 3537 1163 3602 paucos
1193 3539 1233 3584 ex

99 3626 210 3691 eodem
234 3623 320 3690 fonte
343 3632 439 3707 atque
462 3623 622 3688 Eustathii
651 3623 833 3707 (praecipuo
850 3621 1042 3705 Homericos)
1071 3641 1233 3686 commen-

97 3729 195 3795 tarios
219 3746 385 3793 emanasse
408 3727 530 3792 iudicat
551 3727 662 3792 Flach.
711 3726 815 3807 Atque
839 3725 976 3810 primum
999 3724 1128 3806 quidem
1148 3725 1233 3806 quod

98 3831 242 3898 Eudocia
265 3853 304 3898 ea
327 3830 459 3913 omittit,
493 3851 575 3914 quae
605 3831 717 3897 crebra
746 3834 819 3894 sunt
847 3828 933 3913 apud
955 3827 1156 3892 Eustathium
1189 3820 1233 3903 ὡς

100 3932 248 4017 ἀλλαχοῦ
277 3935 404 4022 εἴρηται
433 3941 465 4001 et
487 3934 621 4017 similia,
653 3933 733 3998 nihil
764 3930 926 4013 estquod
948 3930 1117 3995 miremur:
1151 3950 1233 4013 quae

98 4041 252 4124 pleraque
275 4040 372 4105 etiam
395 4060 415 4104 a
437 4037 617 4103 Phavorino
639 4038 772 4115 absunt;
805 4055 844 4100 ac
873 4035 997 4098 stultior
1025 4034 1108 4098 insto
1132 4034 1235 4100 falsa-

99 4144 165 4208 rius
188 4142 312 4225 fuisset,
347 4144 373 4208 si
397 4142 477 4207 talia
499 4141 711 4226 repetivisset.
757 4141 871 4221 Neque
898 4138 932 4201 in
954 4138 1098 4221 partibus
1120 4160 1236 4203 narra-

96 4249 217 4314 tionum
232 4247 296 4313 alio
312 4246 422 4314 ordine
445 4245 608 4332 dispositis
626 4263 794 4310 moramur.
836 4243 915 4326 Pag.
940 4251 1047 4306 autem
1067 4245 1129 4306 262
1155 4242 1237 4327 περὶ

988 4363 1026 4414 3*

1167 4526 1316 4597 Α
