2910 4882
256 289 276 349 c
702 323 744 330 -
791 208 962 366 [1111-

265 475 298 539 in
321 473 485 558 Tychseni
513 480 546 538 et
575 474 714 539 Heereni
742 473 955 540 bibliothecae
984 473 1075 557 (Bibl.
1104 472 1407 551 11111111111111

265 584 316 643 tur
337 599 370 641 1.
389 578 504 662 Kunst)
531 577 719 662 partibusV
741 584 773 643 et
789 579 833 642 VI
855 572 988 642 11789
1013 598 1121 643 eorum
1141 576 1293 662 capitum,
1321 596 1405 659 quae

265 681 324 746 sub
353 679 469 746 litteris
491 680 518 744 B
537 718 580 727 -
599 682 632 745 M
660 681 828 764 leguntur,
867 680 972 748 fontes
1002 680 1185 765 potissimos
1214 679 1406 745 monstravit

263 784 413 866 idemque
435 783 548 850 eodem
571 784 642 850 loco
665 785 785 867 primus
809 783 849 850 de
871 785 1014 852 Eudocia
1037 784 1162 850 violarii
1189 789 1318 849 auctore
1344 783 1405 849 du-

264 888 391 954 bitavit.
438 889 601 953 Permulta
623 888 708 953 enirn
730 888 764 952 in
787 909 825 955 eo
848 889 999 972 leguntur
1020 888 1124 954 isdem
1144 888 1250 954 verbis
1273 893 1405 952 narrata

265 997 359 1074 atque
392 991 425 1055 in
438 1071 440 1075 ι
455 990 613 1056 Eustathii
647 997 679 1056 et
706 993 895 1056 Tzetzarum
929 990 1175 1057 commentariis.
1231 991 1258 1054 n
1288 990 1404 1073 quibus

268 1094 347 1179 ipsis
370 1093 613 1177 cum-Eudocia
639 1102 674 1159 ut
697 1095 826 1160 saeculo
848 1094 1018 1176 antiquior,
1045 1094 1173 1160 haurire
1195 1114 1257 1158 non
1280 1093 1406 1177 potuis-

265 1206 329 1280 set,
365 1219 405 1264 ex
426 1197 530 1264 isdem
554 1186 655 1282 atque
676 1199 751 1264 illos
774 1199 914 1264 fontibus
945 1217 1003 1263 111
1033 1199 1123 1263 illam
1153 1198 1318 1263 derivasse
1350 1219 1404 1263 ar-

264 1302 465 1368 bitrabantur
487 1301 694 1367 Villoisonius
724 1308 756 1367 et
778 1303 1009 1387 Wyttenbach;
1042 1302 1075 1367 in
1104 1301 1240 1367 eandem
1272 1308 1403 1366 senten-

225 1402 226 1405 '
265 1407 343 1472 tiam
366 1405 446 1471 abiit
469 1405 505 1472 O.
533 1405 572 1471 G.
599 1406 735 1472 Mueller
761 1408 794 1471 in
817 1406 1016 1490 praefatione
1039 1405 1188 1472 editionis
1211 1406 1403 1470 Tzetzarum

263 1510 296 1574 in
314 1507 553 1594 Lycophronem
571 1510 866 1576 commentariorum
890 1531 922 1594 p.
941 1509 1050 1575 XXVI
1067 1529 1133 1592 sq.;
1160 1509 1326 1592 eidemque
1344 1509 1405 1574 viri

264 1612 359 1695 docti,
386 1633 468 1697 quae
491 1612 534 1677 ad
556 1612 733 1680 litterarum
750 1613 945 1679 Graecarum
962 1613 1127 1679 historiam
1149 1612 1346 1698 pertinentia
1369 1613 1402 1678 in

264 1716 398 1782 violario
426 1722 552 1798 extant,
586 1737 693 1781 eorum
716 1716 869 1801 pleraque
891 1737 955 1782 non
979 1738 1020 1782 ex
1042 1717 1113 1801 ipso
1137 1716 1248 1799 811111,
1280 1716 1339 1781 sed
1363 1737 1403 1782 ex

263 1821 368 1886 isdem
391 1820 507 1902 quibus
530 1820 621 1885 illum
644 1820 788 1886 fontibus
811 1819 943 1887 duxisse
967 1820 1140 1886 Eudociam
1164 1820 1349 1886 censebant.

351 1925 468 1992 Contra
490 1923 565 1990 aliis
588 1924 666 1990 viris
689 1923 792 1991 doctis
821 1945 885 1989 non
909 1923 1029 1990 Suidae
1052 1924 1209 2005 fontibus,
1246 1924 1304 1989 sed
1332 1925 1404 2009 ipso

265 2028 333 2093 eius
370 2027 474 2094 lexico
512 2046 571 2092 usa
604 2047 676 2093 esse
706 2027 851 2094 Eudocia
878 2027 1066 2108 videbatur;
1105 2028 1205 2093 veluti
1236 2027 1275 2092 G.
1303 2029 1404 2093 Bern-

264 2130 368 2216 hardy
385 2130 419 2195 in
434 2130 753 2197 commentationibus
771 2130 889 2196 Suidae
904 2130 1090 2215 praemissis
1106 2131 1133 2212 I,
1160 2153 1191 2216 p.
1203 2131 1349 2195 XXVIII
1373 2138 1405 2196 et

264 2235 392 2300 XXXII
414 2235 498 2301 inter
520 2234 644 2300 Suidae
663 2235 889 2320 epitomatores
912 2241 1057 2302 numerat
1079 2235 1265 2300 Eudociam.
1302 2235 1404 2300 Cuius

265 2341 386 2408 Suidae
409 2340 559 2407 editionis
587 2341 621 2405 in
644 2360 780 2406 censura
802 2342 903 2407 Maur.
932 2340 1076 2407 Schmidt
1104 2341 1138 2406 in
1162 2343 1269 2407 annal.
1297 2340 1404 2427 philo-

263 2447 328 2530 log.
358 2445 483 2528 LXXI,
514 2448 620 2509 4741
653 2444 860 2530 Bernhardyo
897 2445 938 2510 ad
972 2445 1152 2512 Villoisonii
1188 2452 1220 2511 et
1253 2445 1405 2511 Muelleri

263 2549 455 2616 sententiam
483 2568 650 2632 regressus
677 2550 711 2614 in
742 2549 956 2635 biographicis
985 2571 1068 2633 quae
1099 2557 1251 2616 vocantur
1283 2550 1403 2633 glossis

265 2673 466 2720 communem
489 2652 609 2719 Suidae
632 2659 664 2719 et
685 2652 847 2719 Eudociae
870 2653 989 2718 fontem
1012 2672 1085 2719 esse
1110 2652 1271 2718 contendit
1294 2653 1404 2736 Hesy-

263 2756 327 2824 chii
342 2755 461 2823 Milesii
476 2757 744 2839 onomatologum.
786 2757 1004 2823 Probaverunt
1026 2756 1109 2822 hanc
1126 2757 1317 2821 sententiam
1338 2777 1403 2821 non

263 2861 367 2947 pauci,
401 2860 598 2944 argumentis
621 2861 808 2926 confirmare
838 2860 960 2926 studuit
982 2861 1035 2924 Fr.
1062 2860 1233 2926 Nietzsche
1260 2861 1293 2924 in
1316 2880 1400 2926 mus.

263 2964 411 3030 Rhenani
433 2965 497 3029 vol.
515 2964 622 3048 XXII,
645 2967 705 3028 189
722 2982 769 3046 sq.
817 2963 880 3042 Qui
903 2984 973 3029 cum
997 2964 1089 3046 quasi
1118 2964 1151 3028 in
1174 2963 1309 3028 transitu
1333 2984 1403 3029 rem

263 3069 434 3152 attigisset,
467 3068 611 3153 proximo
634 3089 718 3134 anno
744 3069 823 3133 1868
849 3068 1039 3133 contrariam
1069 3068 1259 3133 sententiam
1288 3067 1404 3133 defen-

264 3172 310 3238 dit
324 3174 362 3237 R.
372 3172 526 3237 Nitzsche
543 3171 767 3238 dissertatione
779 3171 950 3257 lipsiensi,
969 3192 1053 3254 quae
1069 3172 1264 3237 inscribitur:
1292 3172 1404 3250 Quae-

264 3276 400 3341 stionum
416 3275 673 3340 Eudocianarum
697 3276 803 3361 capita
819 3276 874 3340 lV.
922 3275 982 3354 Qui
1005 3296 1198 3361 quamquam
1214 3275 1404 3359 diligentius

265 3386 297 3446 et
319 3379 499 3445 accuratius
523 3399 618 3462 quam
635 3379 803 3463 quisquam
826 3386 923 3445 antea
944 3380 1026 3445 hanc
1043 3380 1260 3462 quaestionem
1284 3386 1405 3446 tracta-

262 3484 318 3566 vit,
345 3489 452 3548 tamen
475 3502 547 3547 cum
570 3503 641 3547 eam
663 3483 793 3549 minime
815 3484 1019 3567 absolvisset,
1046 3484 1200 3568 proximis
1223 3483 1315 3548 annis
1337 3505 1404 3549 non

262 3587 433 3653 defuerunt
454 3586 508 3669 qui
524 3586 699 3652 contrarias
724 3593 832 3671 partes
856 3587 957 3652 secuti
972 3588 1077 3653 denuo
1094 3587 1224 3654 eosdem
1240 3586 1404 3653 Eudociae

216 3718 218 3721 ·
264 3691 368 3757 fontes
385 3709 458 3755 esse
481 3695 577 3774 atque
593 3689 715 3755 Suidae
734 3689 971 3772 contenderent,
998 3696 1032 3755 ut
1055 3692 1094 3755 H.
1114 3691 1233 3756 Weber
1256 3697 1287 3755 et
1302 3691 1405 3755 Volk-

264 3815 360 3859 mann
390 3793 424 3858 in
455 3793 609 3878 philologi
639 3793 779 3877 Gotting.
815 3796 1036 3879 supplemento
1059 3795 1122 3876 ΙΙΙ,
1149 3797 1210 3858 169
1241 3793 1317 3859 adn.
1345 3799 1398 3876 35,

264 3897 324 3963 Th.
352 3898 461 3980 Bergk
490 3896 523 3962 11
553 3896 626 3962 hist.
654 3898 714 3962 litt.
742 3897 796 3962 Gr.
822 3897 849 3979 1,
876 3920 907 3983 p.
928 3901 1010 3981 293,
1047 3899 1084 3962 E.
1112 3897 1223 3964 Rhode
1253 3899 1286 3963 in
1316 3919 1401 3964 mus.

265 4001 324 4066 Rh.
344 4001 503 4080 XXXIII,
530 4022 562 4084 p.
585 4003 661 4064 18o:
696 4001 876 4085 nupenime
899 4003 1038 4067 loannes
1060 4001 1161 4066 Flach
1184 4001 1403 4083 Tubingensis

265 4104 346 4170 libro
370 4125 400 4167 a.
424 4106 505 4167 1879
529 4103 650 4187 publici
678 4103 757 4168 iuris
781 4104 880 4185 facto,
916 4105 970 4188 qui
991 4104 1193 4169 inscribitur:
1232 4104 1406 4168 111111111-

265 4209 414 4293 chungcn
429 4207 508 4274 tiber
523 4206 671 4275 Eudokia
686 4207 752 4276 und
768 4207 911 4289 Suidas«,
930 4206 1084 4297 Hesychii
1096 4207 1215 4277 Milesii
1230 4208 1403 4298 epitomem

874 4473 876 4477 ¹
1007 4528 1153 4592 Α
