2910 4882
592 356 634 364 -
682 320 766 400 [323]
813 357 856 366 -
1253 322 1287 380 11

158 507 328 572 sileensem
353 507 566 583 Phavorinum
590 528 661 574 esse
684 508 759 575 inde
782 515 933 593 apparet,
968 509 1054 591 quod
1075 508 1292 592 typographo-

158 631 227 674 rum
250 610 485 676 Basileeusium
507 611 618 677 vitium
642 612 729 696 apud
751 612 927 678 Eudooiam
950 612 983 676 in
1006 611 1149 696 codiee*)
1182 632 1293 677 serva-

157 719 224 778 tum
248 711 664 801 111παραιωθήσωνται,
699 736 772 781 oum
798 718 942 782 Romana
971 716 1068 781 editio
1098 735 1170 780 oum
1199 714 1293 781 sollo-

157 817 201 882 lio
224 823 309 882 reete
332 815 657 913 asportodporoowc
678 819 807 884 habeat.

244 920 334 998 Quae
357 921 494 987 sirecte
517 921 681 1006 disputata
704 928 787 1003 sunt,
821 944 884 989 non
907 930 980 988 ante
1003 944 1120 988 annum
1143 944 1206 1006 quo
1229 924 1294 987 Ba-

158 1024 307 1090 sileensis
322 1024 495 1090 Phavorini
518 1025 615 1091 editio
638 1025 798 1098 inlunem
822 1027 941 1091 emissa
963 1033 1021 1108 est,
1048 1027 1070 1090 1.
1089 1047 1118 1091 e.
1136 1048 1201 1092 non
1219 1032 1293 1092 aute

158 1149 279 1193 annum
305 1131 386 1194 1538
409 1126 570 1194 Eudooiae
593 1128 762 1195 violarium
785 1129 930 1195 extitisse
953 1129 1127 1196 dilucidum
1150 1129 1195 1194 fit.

195 1323 198 1328 ’
243 1335 290 1400 Ao
305 1354 346 1400 ne
362 1334 432 1418 quis
448 1335 529 1400 forte
552 1335 795 1431 interpolatione
818 1335 913 1401 eain
936 1336 1102 1401 violarium
1125 1335 1294 1421 irrepsisse

158 1437 332 1520 existimet,
357 1438 440 1522 iam,
466 1440 650 1533 quamlate
672 1438 846 1503 Phavorini
868 1440 900 1504 in
923 1455 961 1506 eo
985 1459 1061 1505 usus
1085 1446 1211 1523 pateat,
1238 1460 1296 1504 ex-

159 1539 340 1627 ponendum
364 1548 423 1608 est.
464 1542 675 1628 Quamobrem
698 1562 762 1607 non
785 1542 925 1608 alienum
949 1543 1076 1608 videtur
1094 1543 1210 1608 abhoc
1226 1544 1294 1609 loeo

159 1666 267 1712 eorum
290 1645 441 1726 fontium,
476 1646 591 1727 quibus
618 1646 746 1711 omnino
768 1665 828 1711 usa
850 1646 997 1713 videatur
1019 1646 1162 1712 Eudooia
1188 1647 1295 1731 (liceat

159 1749 244 1815 enim
268 1748 456 1814 eonomine
479 1750 646 1833 appellare
669 1748 845 1833 falsarium)
873 1749 949 1816 dare
973 1756 1187 1835 conspectum.

244 1853 321 1917 IA.
368 1852 542 1918 Phavorini
565 1852 662 1918 editio
686 1852 884 1919 Basileensis
907 1874 938 1918 a.
968 1856 1060 1918 1538.

244 1957 261 2020 1
283 1957 321 2020 Β.
368 1956 496 2040 Fontes,
524 1976 603 2038 quos
626 1956 742 2042 partim
763 1957 851 2043 ipsos
874 1956 1021 2023 adhibuit
1042 1957 1195 2040 Eudooia,
1221 1978 1296 2040 par-

157 2060 215 2125 tim
237 2081 257 2125 a
279 2059 458 2124 Phavoriuo
481 2060 639 2145 exeriptos
662 2061 794 2145 aooipit:
907 2067 909 2072 '

289 2184 321 2227 a.
367 2163 507 2229 Pollucis
530 2164 771 2232 onomastioum.

286 2267 318 2331 b.
365 2266 585 2334 Eratosthenis
608 2268 829 2333 natasterismi.

291 2390 317 2436 o.
366 2369 526 2435 Eustathii
549 2370 582 2435 in
604 2372 776 2438 Homerum
799 2372 1028 2437 commentarii.

288 2473 318 2540 d.
364 2473 494 2539 Soholia
516 2474 680 2558 Apollonii
703 2475 831 2540 Rhodii.

287 2598 316 2643 e.
364 2577 493 2642 Soholia
515 2577 657 2644 Hesiodi.

243 2681 285 2746 II.
333 2668 452 2747 Fontes
474 2688 602 2766 praeter
624 2681 836 2747 Phavorinum
865 2681 899 2750 in
922 2680 1137 2764 mythologice
1165 2680 1294 2764 potissi-

158 2806 244 2850 mum
268 2790 358 2868 parte
380 2785 541 2869 usurpati:

290 2909 319 2952 a.
366 2888 474 2952 Nonni
495 2888 623 2954 abbatis
644 2887 677 2952 in
691 2887 737 2951 IV
759 2888 792 2953 S.
812 2887 960 2970 Gregorii
978 2887 1119 2969 theologi
1135 2887 1294 2953 orationes

366 2990 499 3057 soholia.

291 3095 322 3160 b.
369 3068 479 3161 Code'x
508 3096 674 3161 Parisinus
704 3099 786 3160 2600
818 3093 1045 3160 miscellanens
1079 3092 1130 3176 (de
1159 3113 1220 3175 quo
1250 3092 1291 3158 of.

366 3198 474 3282 infra).

290 3321 317 3366 o.
369 3302 497 3386 Oyriaoi
513 3302 703 3368 Anconitani
725 3301 958 3386 epigrammata
981 3321 1039 3385 per
1056 3289 1221 3383 Illyricum
1243 3320 1295 3366 re-

366 3412 466 3490 perta.

289 3508 320 3572 d.
364 3508 560 3574 Athenaeus.
616 3508 798 3593 Stephanus
832 3508 1019 3592 Byzantius.
1074 3506 1230 3572 Nicandri
1264 3512 1296 3571 et

367 3611 507 3697 Oppiani
536 3610 669 3677 soholia.
724 3612 918 3695 Anthologia
947 3609 1124 3675 Planudea.
1172 3608 1296 3693 Sopho-

365 3715 422 3780 olis
445 3721 477 3780 et
491 3714 656 3798 Euripidis
679 3713 836 3781 editiones
852 3734 877 3778 s.
896 3715 972 3779 XVI
987 3713 1175 3797 impressae.
1217 3712 1294 3778 Gor·

366 3819 435 3884 nuti
457 3825 489 3884 et
503 3818 693 3903 Palaephati
709 3817 806 3883 editio
822 3817 1019 3884 Basileensis
1034 3839 1065 3881 a.
1087 3819 1178 3879 1543.
1218 3815 1297 3880 Phi-

366 3922 490 3987 lostrati
506 3921 663 3988 editiones
678 3920 827 3986 Aldinae.
855 3921 1028 3985 Annalium
1045 3919 1214 4004 scriptores
1229 3919 1294 4003 By-

367 4023 503 4089 zantini:
532 4024 684 4106 Codinus,
708 4024 787 4107 Ioel,
814 4024 989 4090 Cedrenus.

232 4250 255 4316 *l
277 4248 362 4308 Flaoh
381 4250 410 4309 in
428 4254 564 4324 apparatu
582 4248 681 4310 oritieo
699 4248 762 4308 vitii
780 4247 862 4309 huius
880 4246 1047 4310 mentionem
1066 4247 1177 4308 omittit.
