2910 4882
240 338 281 398 so
674 377 716 386 -
763 340 847 420 [aaa]
894 361 965 383 -*

241 533 360 608 extent,
386 526 539 591 fierinon
562 533 666 611 potest
687 527 764 610 quin
786 526 881 591 huius
904 545 1028 608 quoque
1051 524 1113 589 loci
1135 523 1206 589 lons
1229 525 1271 589 sit
1290 523 1373 588 Pha-

240 649 380 693 vonnus.

327 731 537 797 PLATONIS
568 733 704 815 denique
734 731 915 797 SOHOLIA
943 732 976 796 in
999 731 1132 796 violario
1155 734 1266 796 extant
1289 728 1370 793 duo:

241 836 277 898 P.
303 840 337 899 21
368 830 420 899 ὅτι
446 829 618 900 Ἁπόλλων
648 873 689 882 -
717 829 929 922 ἀφελομένου
958 831 1018 921 τὴν
1045 843 1186 919 γυναῖκα
1210 854 1227 897 0
1254 831 1371 916 (Schol.

240 940 323 1003 Plat.
349 959 439 1003 conv.
463 943 521 1002 179
535 939 571 1021 B]
608 938 786 1004 Phavorino
807 937 924 1002 hausta
946 957 1019 1003 csse
1042 958 1139 1022 supra
1160 959 1192 1022 p.
1220 940 1259 1000 26
1294 936 1372 1000 dixi.

241 1042 277 1104 P.
304 1045 345 1105 39
373 1042 461 1127 Περὶ
489 1036 753 1127 Ἀμφιδρομίων.
800 1035 819 1130 ἡ
850 1038 936 1106 κατά
958 1065 1052 1116 τινας
1073 1079 1118 1088 -
1139 1037 1375 1127 προσήκοντας

247 1144 364 1227 (Schol.
382 1146 464 1210 Plat.
483 1146 618 1210 Theaet.
640 1150 698 1209 160
711 1148 747 1230 Ε)
775 1167 847 1212 cum
869 1153 935 1211 tota
957 1145 1066 1226 glossa
1081 1165 1099 1210 0
1115 1144 1297 1209 Phavorino
1317 1141 1375 1208 de-

242 1250 360 1333 scripta
382 1269 455 1313 esse
477 1268 574 1333 supra
596 1271 628 1334 p.
648 1253 665 1314 8
689 1249 794 1315 docui.

631 1510 752 1585 CAPUT
778 1511 987 1587 Posterius,

329 1665 433 1747 Atque
462 1667 502 1731 de
524 1667 564 1731 iis
587 1665 715 1748 quidem
737 1665 892 1747 fontibus,
925 1686 1005 1748 quos
1029 1666 1084 1729 uni
1106 1664 1286 1729 Phavorino
1308 1665 1374 1728 Eu-

243 1769 335 1833 docia
357 1768 461 1849 debet,
488 1769 659 1850 hactenus;
686 1789 770 1833 nunc
793 1788 847 1833 eos
871 1768 1119 1849 consideremus,
1145 1787 1224 1851 quos
1240 1788 1303 1832 non
1318 1787 1375 1852 per

242 1871 325 1937 hunc
355 1874 458 1937 solum
487 1873 619 1957 accipit,
653 1871 712 1938 sed
741 1873 837 1937 etiarn
860 1873 946 1957 ipsos
970 1872 1117 1937 consulit.
1164 1871 1245 1936 Sunt
1266 1878 1373 1937 autem

242 1996 282 2040 ex
305 1997 342 2041 eo
365 1996 484 2059 genere
506 1976 556 2041 hi:
583 1975 725 2041 Pollucis
748 1976 987 2059 onomasticum
1013 1975 1232 2040 Eratosthenis
1255 1975 1311 2057 qui
1326 1974 1374 2041 fe-

241 2086 351 2144 runtur
366 2079 586 2159 catasterismi‚
613 2080 774 2144 Eustathii
787 2079 821 2143 in
836 2080 1008 2145 Homerum
1025 2078 1254 2160 commentarii,
1274 2078 1375 2142 Scho-

240 2183 285 2247 lia
308 2183 470 2267 Apollonii
492 2181 617 2263 Rhodii,
645 2182 774 2248 Scholia
795 2181 940 2248 Hesiodi.

327 2390 344 2473 1
371 2394 398 2452 1.
447 2388 652 2454 POLLUOIS
683 2409 724 2454 ex
753 2389 947 2455 onomastico
970 2390 1050 2455 duos
1073 2388 1171 2454 Flach
1195 2411 1227 2473 p.
1257 2392 1317 2452 105
1340 2388 1373 2452 in

241 2493 373 2558 violario
402 2493 488 2557 locos
518 2500 744 2559 commemorat
771 2492 925 2575 additque
948 2498 1114 2576 utrumque
1138 2492 1223 2558 vitiis
1247 2499 1375 2558 scaten-

240 2605 304 2662 tem
328 2617 345 2662 e
367 2597 506 2682 pessimo
537 2595 645 2662 codice
668 2596 861 2682 descriptum
885 2617 968 2662 esse.
1016 2597 1121 2675 Quare
1145 2596 1224 2662 mihi
1246 2617 1287 2662 ex
1310 2617 1374 2662 una

241 2700 415 2766 editionum
449 2720 476 2764 s.
502 2699 578 2763 XVI
617 2700 745 2782 (Aldina
770 2704 868 2781 1502,
905 2701 1032 2766 Iuntina
1059 2704 1156 2780 1520,
1194 2699 1374 2765 Βο01100001

244 2805 350 2887 1536),
377 2823 457 2885 quas
480 2824 498 2869 0
521 2804 689 2869 deterrimo
712 2803 793 2869 libro
816 2802 918 2868 factas
942 2823 1013 2870 esse
1036 2810 1171 2887 constat,
1197 2804 1373 2888 sumpsisse

242 2906 383 2973 hludocia
405 2906 531 2972 videtur
553 2908 694 2989 glossam
716 2929 748 2991 p.
767 2910 809 2969 42
831 2907 888 2969 καὶ
912 2903 1020 2983 ἄλλως
1036 2908 1116 2992 περὶ
1131 2905 1314 2993 πορφύρας
1332 2938 1373 2960 --

242 3012 323 3077 Poll.
348 3011 438 3074 145.
496 3012 639 3076 Alteram
669 3012 808 3092 glossam
840 3031 873 3094 p.
899 3013 940 3073 96
970 3012 1050 3096 περὶ
1081 3016 1111 3075 Γ
1110 3014 1282 3097 αργιττίου
1315 3017 1374 3075 τοῦ

243 3113 342 3190 κυνός
369 3135 432 3179 non
461 3135 502 3179 ex
530 3115 601 3199 ipso
623 3114 753 3179 Polluce
775 3114 803 3177 V
827 3118 883 3195 47,
918 3114 1020 3179 sede
1050 3113 1228 3181 Phavorino
1251 3137 1282 3200 p.
1310 3119 1374 3180 103

203 3206 205 3210 ’
242 3218 349 3282 hausit
370 3216 532 3291 falsarius,
557 3218 660 3283 isdem
682 3217 766 3281 enirn
789 3216 896 3282 verbis
918 3224 1013 3301 atque
1034 3218 1091 3282 ille
1107 3218 1205 3283 utitur
1219 3239 1259 3283 ex
1282 3225 1375 3303 parte

242 3323 337 3403 longe
371 3342 391 3385 a
419 3321 549 3386 Polluce
582 3320 802 3387 recedentibus
836 3320 1012 3404 eademque
1046 3342 1128 3405 quae
1156 3321 1213 3387 ille
1243 3322 1375 3388 exhibet

242 3423 369 3490 menda.

328 3633 345 3716 §
369 3635 399 3694 2.
446 3629 773 3696 ERATOSTHENIS
796 3630 1086 3696 catasterismorum
1102 3634 1263 3716 epitomen
1277 3634 1374 3719 paulo

244 3736 430 3821 ampliorem
453 3740 488 3799 ut
503 3754 574 3798 curn
590 3734 727 3799 Roberto
753 3733 923 3816 [Eratosth.
943 3742 1056 3800 catast.
1075 3736 1238 3819 reliquiae,
1265 3737 1372 3802 Berol.

248 3841 328 3903 1818
351 3861 382 3923 p.
402 3840 451 3920 24)
486 3837 602 3902 lectam
626 3855 698 3901 0000
720 3837 760 3900 01
783 3836 926 3901 Eudooia
950 3838 1145 3921 existimem,
1178 3859 1283 3921 neque
1305 3841 1376 3907 vio-

244 3942 315 4006 larii
338 3961 410 4006 curn
433 3939 661 4006 catasterismis
684 3940 878 4024 comparatio
900 3949 1064 4025 permovet
1085 3962 1189 4025 neque
1212 3942 1296 4025 quod
1318 3943 1376 4009 1110

245 4044 363 4129 profert
385 4044 567 4128 exemplum
591 4063 631 4109 ex
652 4042 733 4106 Eud.
752 4065 784 4127 p.
804 4047 864 4105 4111
889 4043 930 4108 de
945 4044 1124 4127 Hyadibus.
1165 4046 1264 4112 Ouius
1286 4045 1376 4130 glos-

246 4169 302 4214 sae
325 4168 482 4213 summum
504 4146 625 4212 fontem
648 4165 719 4210 esse
739 4146 941 4211 Eustathium
964 4148 1007 4211 ad
1028 4148 1119 4211 Hom.
1147 4172 1178 4234 p.
1206 4155 1286 4213 1155
1310 4151 1375 4217 iam

245 4251 343 4317 Flaoh
373 4257 458 4316 recte
487 4250 652 4315 indicavit.
705 4250 789 4314 Nam
822 4252 921 4335 [Eust.
948 4252 968 4314 l.
995 4251 1030 4333 l.)
1064 4251 1262 4318 Phavorinus
1294 4257 1376 4319 1788
1406 4311 1408 4320 ,

858 4434 1068 4592 Α
