2910 4882
597 378 639 388 -
687 342 773 424 [aar]
820 376 860 388 -
1258 343 1298 403 15

157 528 299 610 demque
322 548 436 593 manus
458 535 559 593 totum
583 528 724 594 codicem
740 528 919 593 Parisinum
935 530 1018 592 3057
1029 529 1191 592 exaravit.
1230 527 1298 592 Ne-

158 652 238 714 que,
271 639 307 697 ut
336 633 436 696 semel
467 631 587 712 dieam,
625 631 905 716 interpolationum
933 630 1072 714 vestigia
1101 631 1134 695 in
1163 631 1296 695 violatio

158 734 346 818 quaerenda
368 741 452 817 sunt,
478 755 550 800 oum
573 734 666 799 unius
688 734 825 799 hominis
846 734 1026 799 industriae
1040 740 1127 799 totus
1142 734 1224 799 liber
1239 733 1298 798 de-

158 840 290 920 beatur;
317 858 412 920 quem
436 838 465 902 si
487 838 560 919 quis
581 838 840 922 interpolatorem
862 838 1026 903 nominare
1045 838 1190 919 voluerit,
1216 837 1295 902 nihil

158 962 222 1024 ego
243 941 430 1027 impediam.

247 1151 265 1234 ξ
289 1153 320 1213 2.
367 1150 416 1213 Ex
438 1148 653 1215 Hssrofflo
676 1149 990 1215 ALEXANDRINO
1018 1155 1147 1234 praeter·
1168 1149 1254 1213 loeos
1277 1169 1297 1212 a

158 1253 295 1317 Flaohio
318 1273 351 1337 p.
379 1255 439 1316 103
456 1272 504 1336 sq.
528 1254 679 1319 eolleotos
708 1254 765 1318 alii
793 1274 917 1337 quoque
946 1255 980 1318 in
1010 1253 1142 1317 violario
1173 1257 1292 1334 extant,

159 1357 251 1421 velut
272 1377 305 1441 p.
325 1359 365 1420 30
389 1355 422 1419 ln
444 1357 555 1438 glossa
576 1356 657 1442 περὶ
678 1350 788 1432 Ἄϊδος
803 1361 921 1443 κυνέης
942 1356 1042 1420 verba
1064 1350 1174 1430 Ἄϊδος
1196 1359 1295 1440 κυνέη

157 1498 203 1506 -
227 1453 383 1545 ἀλληλοις
405 1465 438 1524 11
460 1459 516 1523 καὶ
540 1454 634 1536 διίδος
658 1458 706 1536 εἰς
730 1454 813 1545 ᾅδου
843 1466 875 1525 11
895 1480 927 1542 p.
955 1463 1015 1522 2110
1046 1459 1104 1521 καὶ
1134 1455 1295 1543 ἑπάρκιος

157 1601 202 1608 -
227 1560 385 1628 ἓπιπολδ.
425 1562 514 1628 Haeo
536 1564 644 1628 omnia
666 1563 879 1629 ePhavorino
900 1561 995 1628 dueta
1010 1568 1094 1626 sunt.
1134 1562 1172 1625 In
1187 1563 1297 1645 glossa

158 1666 242 1752 περὶ
263 1662 485 1750 Λυγδάμιδος
507 1687 537 1749 p.
566 1670 628 1731 279
659 1667 784 1732 initium
813 1684 913 1750 usque
942 1665 984 1730 ad
1011 1666 1110 1730 verba
1132 1662 1217 1729 ναὸν
1239 1671 1297 1750 της

156 1767 354 1855 Ἀρτέμιδος
382 1789 445 1834 non
474 1789 514 1834 ex
543 1770 715 1854 integriore
744 1769 851 1852 aliquo
880 1768 967 1833 fonte
995 1768 1170 1849 fiuxerunt;
1212 1766 1297 1849 quod

158 1872 247 1938 enim
270 1873 310 1937 ab
326 1873 489 1957 Hesychio
511 1878 544 1938 et
558 1873 738 1939 Phavorino
752 1874 853 1939 abest
875 1869 912 1937 ἓν
934 1876 1065 1957 Epona,
1092 1872 1127 1935 id
1150 1892 1220 1936 eum
1244 1891 1296 1935 eo

158 1976 242 2041 diois
264 1976 296 2040 in
320 1975 465 2059 margine
487 1983 591 2060 extet,
621 1997 662 2041 ex
683 1976 918 2060 insequentium
941 1974 1038 2058 fonte,
1064 1974 1231 2040 Eustathio
1254 1975 1297 2039 ad

157 2079 296 2164 Dionys.
322 2079 394 2144 Per.
421 2082 483 2143 823
506 2081 641 2165 petitum
665 2100 685 2143 a
706 2079 837 2145 falsario
860 2098 932 2144 osse
955 2079 1070 2144 elueet.

245 2287 318 2372 §3.
365 2287 479 2370 Neque
508 2288 613 2371 magis
645 2286 1041 2352 HARPOORATIONEM
1074 2285 1217 2350 Eudooia
1245 2285 1296 2349 in-

158 2391 266 2475 spexit
286 2391 402 2476 ipsum,
429 2391 488 2457 sed
510 2391 665 2475 quidquid
687 2412 728 2456 ex
750 2391 820 2457 eius
841 2390 945 2456 lexioo
968 2391 1001 2456 in
1016 2390 1149 2456 violario
1164 2389 1293 2473 legitur,

157 2515 178 2559 e
208 2495 387 2560 Phavorino
419 2495 613 2581 deseriptum
644 2501 704 2560 est.
751 2495 895 2561 Indioem
927 2497 1067 2562 looorum
1100 2494 1174 2560 uide
1208 2491 1295 2578 apud

157 2599 328 2663 Flaehium
350 2618 383 2681 p.
412 2602 490 2681 104,
524 2599 575 2663 eui
603 2597 754 2663 addenda
784 2620 849 2664 una
878 2601 988 2682 glossa
1010 2599 1088 2684 περὶ
1115 2593 1296 2680 Θεόγνιδος

157 2724 191 2786 p.
212 2705 274 2764 227
294 2699 507 2766 ePhavorino
523 2722 555 2786 p.
575 2704 637 2765 892
661 2702 850 2788 deprompta
871 2710 948 2770 tota.
988 2701 1188 2767 Phavorinus
1210 2699 1293 2764 enim

157 2806 264 2870 fontes
286 2803 434 2871 adhibuit
455 2806 737 2892 Harpocrationem
759 2808 780 2871 1.
800 2829 831 2872 v.
862 2811 914 2890 (—
935 2803 1139 2892 Ἑλληνικῶν)
1167 2811 1198 2869 11
1220 2802 1295 2867 Sui-

158 2908 235 2974 dam
253 2909 275 2973 i.
293 2930 324 2974 v.
366 2907 466 2974 Flaoh
480 2931 511 2995 p.
531 2913 571 2974 83
587 2910 744 2976 immerito
761 2910 802 2975 do
818 2910 945 2975 Seholio
961 2910 1059 2975 Arist.
1077 2908 1157 2973 th.
1179 2912 1211 2969 11
1233 2906 1295 2971 loei

159 3011 317 3095 originem
339 3012 454 3095 repetit
474 3032 533 3077 neo
555 3011 740 3078 melioribus
764 3013 804 3077 de
819 3013 925 3079 oausis
941 3013 981 3078 de
997 3009 1294 3095 interpolationibus

157 3115 291 3199 cogitat.
338 3114 448 3199 Ipsam
477 3114 598 3179 Suidae
627 3116 770 3198 glossam
799 3138 830 3201 p.
858 3120 920 3181 232
949 3117 1079 3182 exhibet
1100 3114 1254 3179 Eudooia.
1283 3112 1294 3199 ll

158 3220 208 3286 De
231 3218 368 3284 Dodona
389 3219 539 3302 glossam,
566 3238 607 3283 11
628 3239 692 3300 qua
714 3240 746 3303 p.
768 3221 829 3283 126
848 3215 1055 3306 Δωδώνη-
1074 3214 1289 3303 Θετταλικην,

157 3331 190 3390 11
212 3344 245 3410 p.
266 3326 325 3388 127
351 3320 555 3396 Δωδωναῖος
578 3319 664 3398 Ζεύς
693 3329 725 3387 11
753 3341 834 3405 quae
865 3330 1040 3405 sequuntur
1067 3322 1100 3386 in
1126 3321 1293 3386 violarinm

157 3427 288 3494 venisse
311 3424 474 3494 oontendit
494 3424 628 3510 Flaoh*)
656 3430 781 3510 plot,
811 3426 898 3511 apud
920 3426 1203 3510 Harpocrationem
1226 3423 1293 3489 fru-
1369 3502 1371 3506 Ι

158 3539 226 3598 stra
237 3531 393 3616 quaesivi.
422 3529 523 3593 Immo
535 3528 585 3592 his
600 3529 769 3595 efontibus
781 3530 944 3595 Eudooiae
956 3530 1066 3612 glossa
1077 3527 1213 3594 conflata
1224 3534 1289 3592 est:

159 3738 308 3803 δωναίοο
328 3732 413 3812 Διός
442 3757 482 3801 11
509 3737 600 3801 Eust.
625 3736 718 3802 Hom.
744 3757 776 3821 p.
797 3740 858 3801 335
881 3735 980 3800 habet
1000 3736 1137 3801 Phavor.
1164 3756 1195 3818 p.
1216 3737 1287 3810 541,

158 3839 378 3907 ePhavorino
401 3839 484 3904 Eud.
518 3838 529 3922 ll
567 3840 597 3923 2)
626 3837 661 3904 ἐν
683 3846 722 3925 τῇ
750 3832 987 3923 ...Ἠπείρῳ
1011 3842 1143 3923 κειμένη
1173 3837 1177 3924 l
1209 3826 1293 3922 1νῷ

156 3942 294 4008 ἵσταται
315 3943 395 4029 δρῦς
416 3979 460 3988 -
482 3942 703 4029 προφητίδων
722 3942 726 4028 Ι
747 3942 895 4008 εἰσὶεσαν
914 3981 957 3990 -
979 3942 1067 4025 λέγει
1090 3934 1107 4004 δ
1124 3938 1210 4015 Ζεύς
1230 3943 1234 4026 l
1255 3937 1292 4004 τὸ

229 4184 251 4249 *3
272 4184 305 4239 ln
322 4185 445 4240 editione
464 4183 574 4238 violarit
594 4184 666 4237 idem
686 4201 713 4237 v.
734 4186 760 4239 11,
782 4183 916 4252 Stephani
935 4181 1002 4251 Byz.
1024 4182 1145 4249 glossam
1168 4176 1292 4244 Δωδώνη

158 4270 240 4325 huius
259 4270 360 4340 eapitis
378 4269 481 4324 fontem
501 4271 610 4325 statuit.
