2910 4882
270 297 311 356 τι
496 376 498 384 A
704 294 1020 376 -[334]-·

268 483 422 549 Eudooia.
453 483 466 567 ΙΙ
491 483 604 564 Neque
627 505 658 567 p.
680 486 741 547 286
764 483 797 546 in
820 482 929 564 glossa
952 482 1031 568 περὶ
1047 479 1211 566 Μεγάρας
1234 482 1404 566 quiequam

270 608 288 653 e
310 590 419 652 Tzetn.
446 587 523 670 Lyo.
552 589 591 650 38
615 585 714 651 habet
736 585 896 671 Eudooia,
924 586 982 652 sed
1005 592 1102 651 totam
1125 606 1165 651 ex
1187 587 1340 650 Eustath.
1365 586 1406 652 ad

269 693 361 756 Hom.
387 712 419 775 p.
441 692 522 755 1683
546 690 693 774 sumpsit.
727 691 738 775 Η
773 690 809 753 Ρ.
836 692 898 754 376
927 691 1007 776 περὶ
1036 696 1094 778 τῆς
1117 685 1277 777 Σκύλλης.
1328 695 1407 756 Μο-

270 792 410 859 θεάεται
431 832 475 842 —
506 793 683 880 θηριωδῶς
704 814 768 858 non
790 796 924 860 Tnetnes
947 795 1026 879 Lyo.
1050 800 1101 877 45,
1128 793 1185 860 sed
1207 794 1314 859 Nonn.
1334 794 1404 858 152

269 899 431 964 Endooiae
455 898 527 963 fons
550 906 609 963 est.
643 898 655 982 Η
690 899 726 962 Ρ.
746 902 804 960 411
831 897 967 981 denique
990 919 1046 964 our
1067 919 1085 964 e
1108 900 1216 963 Tzetz.
1242 899 1323 982 Lyo.
1345 901 1405 962 762

270 1023 342 1068 esse
373 1002 459 1067 dieat
481 1000 580 1066 Flaoh
603 1002 703 1067 verba
734 1000 867 1086 Φαίδρα
889 1041 931 1049 -
955 998 1204 1084 διαλαμβάνων,
1237 1022 1301 1066 non
1333 1022 1407 1085 per-

271 1105 383 1191 spicio.
429 1105 543 1187 Neque
577 1105 662 1170 enim
695 1105 740 1170 ibi
773 1117 876 1186 neque
911 1106 977 1170 ullo
1011 1105 1137 1170 omnino
1165 1105 1303 1171 Taetaae
1337 1107 1407 1170 loeo

270 1209 438 1274 Phaedrae
467 1215 522 1273 ant
546 1208 715 1294 Hippolyti
745 1208 864 1274 mentio
895 1208 939 1274 fir.
994 1211 1080 1274 Fons
1108 1215 1158 1274 est
1184 1210 1274 1274 Eust.
1308 1209 1403 1273 Hom.

273 1314 367 1376 1688.

356 1520 425 1585 Iam
448 1539 523 1584 vero
545 1518 728 1600 videamus,
765 1538 826 1600 quo
855 1518 924 1582 iure
953 1517 1054 1585 Flaoh
1076 1539 1109 1603 p.
1131 1523 1190 1584 134
1215 1518 1403 1600 Bononiam,

270 1624 354 1708 quod
377 1623 538 1688 nonnullis
568 1622 648 1687 loeis
679 1622 805 1706 plenior
834 1621 876 1687 sit
898 1624 1035 1688 Taetnae
1066 1623 1215 1702 scholiis,
1246 1642 1340 1688 usam
1367 1623 1407 1689 iis

270 1747 342 1792 esse
365 1732 473 1808 neget.

360 1831 385 1914 1)
413 1830 449 1893 P.
468 1831 509 1892 85
541 1820 584 1903 ὡς
613 1837 684 1904 τοῖς
708 1829 848 1904 πολλοῖς
872 1825 1063 1916 ἱστόρηται,
1098 1836 1130 1895 et
1153 1823 1285 1916 ἀκριβεῖ
1309 1829 1408 1915 ζυγο-

271 1927 463 2020 σταθηιήσει
485 1928 648 2019 τρυτάνης
678 1938 738 1997 τοῦ
768 1931 870 2016 ζυγοῦ
899 1927 986 2018 ὑπὲρ
1010 1940 1070 1999 τοῦ
1099 1941 1220 2019 νεκροῦ
1233 1927 1405 2019 ίΈκτορος,

271 2035 386 2124 λάθρα
410 2043 475 2102 τῶν
494 2029 669 2123 Ἑλλήνιον,
698 2042 756 2122 τῆς
778 2033 897 2112 νυκτὸς
921 2043 952 2102 et
974 2036 1022 2112 είς
1045 2034 1082 2102 τὸ
1102 2031 1265 2103 Ἠλύσιον
1288 2039 1410 2105 πεδίον

271 2136 559 2226 παραγενόμενος.
606 2139 632 2202 Ε
656 2139 778 2204 soholio
800 2140 908 2204 Treta.
930 2141 1008 2224 Lyo.
1028 2141 1089 2204 269
1113 2140 1209 2206 dueta
1231 2140 1312 2207 haeo
1337 2162 1409 2208 esse

270 2264 365 2328 posse
394 2250 479 2309 reete
508 2248 606 2326 negat
635 2242 747 2308 Flaoh.
794 2243 879 2307 Nam
902 2263 920 2308 e
942 2243 1122 2308 Phavorino
1144 2266 1176 2329 p.
1203 2248 1265 2310 340
1294 2266 1410 2331 prove-

270 2348 362 2413 niunt
377 2349 476 2414 verba
499 2340 516 2411 ὁ
534 2346 570 2411 δὲ
586 2347 781 2434 Πολυξένης
803 2369 835 2431 p.
851 2349 891 2411 84
917 2385 953 2393 -
978 2344 1124 2429 Ἀχιλλεῖ
1139 2347 1283 2414 ὄέόιοκεν
1306 2371 1337 2434 p.
1354 2355 1406 2416 85.

270 2452 368 2537 Apud
396 2451 488 2515 illum
518 2457 626 2516 autem
656 2451 764 2516 neseio
793 2471 855 2533 qno
885 2469 962 2516 oasu
993 2451 1035 2534 (in
1057 2452 1148 2517 Rom.
1181 2460 1214 2518 et
1236 2454 1310 2518 Bas.
1338 2456 1403 2539 ed.)

271 2556 394 2622 scholia
417 2557 524 2620 Tzetz.
549 2557 709 2640 hyaroe
734 2562 766 2620 et
789 2558 850 2619 270
873 2555 920 2620 ita
942 2556 1193 2640 coniunguntur,
1227 2564 1262 2623 ul
1290 2558 1409 2642 prioris

271 2660 389 2726 omisso
420 2659 517 2724 verbo
551 2665 693 2724 extremo
728 2657 850 2723 δέδωκε
884 2659 966 2724 haee
998 2659 1155 2726 existant:
1193 2657 1235 2723 τὰ
1266 2659 1358 2746 άιῖιρα
1389 2660 1410 2725 ά

270 2768 428 2850 Πρίαμος
452 2767 587 2849 σκεάρῷ
610 2759 762 2846 ταλάντῳ
787 2759 858 2850 η’τοι
883 2756 1015 2847 ἀκριβεῖ
1044 2761 1318 2851 ζννοστοιθμήσει
1349 2773 1411 2831 τοῦ

272 2866 383 2951 ζννοῖι.
431 2866 520 2944 Quae
542 2868 641 2932 verba
655 2866 798 2932 Endoeia
817 2866 987 2951 descripsit
1009 2873 1042 2932 et
1063 2873 1098 2932 ut
1120 2886 1249 2932 sensum
1265 2869 1408 2950 aliquem

270 2972 339 3036 looo
364 2971 464 3052 daret,
497 2971 579 3035 bene
601 2970 727 3036 addidit
748 2971 847 3036 verba
869 2970 978 3035 neseio
1008 2970 1093 3036 unde
1115 2971 1217 3054 petita
1236 2964 1324 3055 ὑπὲρ
1348 2979 1411 3039 τοῖν

270 3081 391 3160 νεκροῦ
405 3068 563 3160 Ἕκτορος
586 3071 701 3160 λάθρα
723 3080 789 3139 τιῖιν
808 3067 973 3160 Ἑλλήνων
1000 3081 1058 3161 τῆς
1080 3073 1199 3149 νυκτὸς
1227 3082 1274 3160 τῷ
1295 3072 1409 3157 Ἀχιλ-

271 3179 322 3242 λεῖ
345 3176 499 3260 δέδωκεν,
534 3178 671 3243 fortasse
700 3177 796 3242 etiarn
825 3178 865 3242 ab
895 3177 967 3261 ipsa
992 3177 1075 3244 fiola.
1125 3179 1207 3242 Tum
1229 3179 1341 3271 verbax
1360 3179 1410 3257 εἰς

271 3277 308 3345 τὸ
321 3274 484 3345 Ἠλύσιον
499 3279 618 3345 πεδίον
635 3276 909 3365 παραγενόμενος
931 3281 1038 3346 verbis
1054 3301 1072 3346 e
1093 3281 1211 3363 (Treta.
1230 3282 1308 3365 Lyo.
1330 3286 1403 3367 798)

271 3383 372 3448 Phav.
392 3386 453 3446 346
477 3384 586 3467 petitis
610 3383 707 3448 adicit
731 3403 770 3448 ex
794 3384 907 3449 eadem
929 3384 1103 3449 Phavorini
1132 3385 1252 3469 pagina
1275 3387 1411 3452 eadem-

271 3508 333 3570 qne
357 3508 374 3552 e
397 3488 518 3571 glossa,
553 3488 604 3552 oui
634 3487 730 3553 eliam
760 3487 845 3552 infra
868 3486 964 3553 debet
985 3489 1084 3553 verba
1112 3489 1169 3552 καὶ
1191 3495 1290 3555 τοῦτο
1314 3498 1409 3576 πρίν

270 3614 389 3667 τος-
415 3589 561 3672 ἐ’ντιμον.
608 3591 678 3655 Iam
702 3583 745 3665 ὡς
760 3601 830 3667 τοῖς
849 3592 989 3667 πολλοῖς
1014 3588 1187 3679 ἱστόρηται
1209 3593 1409 3659 levissimum

271 3702 320 3761 est
343 3694 467 3760 falsarii
490 3694 753 3759 additamentum.

358 3801 387 3883 2)
414 3800 449 3864 P.
473 3800 532 3862 108
557 3799 738 3882 Κασταλίηι
761 3806 807 3883 τηῖ
830 3799 936 3885 Κρητὶ
964 3792 1126 3864 ἀποικίαν
1156 3801 1364 3885 στελλομένην
1391 3797 1409 3867 ὁ

272 3900 449 3968 Άπάλλιον
478 3923 517 3967 ex
546 3902 689 3986 pleniore
717 3902 759 3967 ad
790 3903 948 3986 Lyoophr.
976 3906 1037 3967 208
1067 3903 1188 3968 scholio
1215 3904 1311 3969 duola
1334 3925 1410 3973 esse

271 4007 429 4072 immerito
463 4005 598 4071 eonieoit
629 4007 741 4070 Flaoh.
797 4007 898 4070 Irnmo
931 4012 998 4070 lota
1031 4007 1141 4089 glossa
1175 4027 1192 4072 e
1227 4007 1410 4075 Phavorino

273 4131 307 4193 p.
326 4114 387 4173 465
413 4109 574 4193 descripta
596 4115 661 4191 est,
688 4109 743 4173 ubi
766 4111 827 4173 dno
851 4109 955 4173 fontes
979 4111 1086 4173 Treta.
1113 4110 1192 4194 Lyo.
1213 4113 1275 4175 268
1299 4117 1331 4176 et
1352 4113 1407 4177 nt.

273 4213 380 4300 Magn.
403 4217 476 4293 255,
499 4218 535 4277 17
558 4213 675 4299 integri
698 4219 816 4280 extant.
865 4212 966 4279 Priori
988 4213 1159 4281 Phavorini
1188 4215 1318 4300 glossae
1340 4217 1410 4285 Eu·

664 4482 837 4568 A
