2910 4882
243 288 283 347 14
677 322 720 329 -
766 284 849 365 [aas]
898 318 940 328 -

244 476 353 541 verino
372 476 489 541 absunt
511 469 703 559 ὡπλισμένη
728 469 790 558 γὰρ
816 467 832 558 η
856 468 1019 558 φρόνησις
1044 507 1083 516 -
1108 467 1294 556 σταθηρόν,
1324 470 1382 534 sed

244 579 376 644 aliunde
399 599 439 642 ea
462 578 531 643 sine
554 576 651 642 dubio
679 581 728 658 (ex
751 576 918 641 Eustathio
941 575 1086 658 fortasse)
1112 574 1230 639 intulit.

331 685 359 766 7)
387 682 424 745 P.
448 685 510 744 406
540 680 678 764 denique
708 680 765 743 aul
794 685 899 745 ταῦτα
929 678 992 761 μὲν
1017 675 1058 741 τὰ
1080 676 1228 760 prodromi·
1260 677 1382 742 nonin

244 787 332 852 fonte
355 785 435 869 legit
456 784 617 866 Eudoeia,
651 783 709 850 sed
736 790 772 849 ut
793 783 858 848 alia
886 802 949 848 non
980 802 1083 868 pauoa
1111 782 1231 847 similia
1257 781 1299 847 de
1323 799 1381 846 suo

245 888 382 956 addidit.

330 1096 444 1178 Neque
461 1095 565 1178 magis
580 1100 688 1159 nostro
703 1093 743 1158 de
759 1095 809 1159 his
824 1094 942 1160 iudicio
958 1095 1097 1176 obstant,
1115 1114 1197 1178 quae
1211 1115 1244 1178 p.
1257 1096 1317 1156 135
1331 1113 1379 1176 sq.

244 1199 345 1265 Flaeh
369 1199 510 1264 exhibet.
557 1197 757 1275 Quibusdam
781 1197 865 1263 enim
887 1198 967 1264 loeis
989 1198 1121 1263 nimiam
1143 1199 1226 1264 inter
1244 1201 1383 1263 Tzetza-

245 1326 314 1369 rnm
338 1302 581 1368 commentarios
610 1308 642 1367 et
664 1301 840 1366 Eudooiam
868 1302 1066 1368 intercedere
1092 1302 1308 1368 differentiam
1332 1301 1383 1366 di-

245 1409 290 1474 111
317 1428 413 1492 quam
443 1412 479 1471 ut
506 1406 556 1471 illi
578 1405 674 1470 huius
696 1405 821 1490 possint
843 1425 914 1472 esse
939 1413 1097 1472 auctores.
1143 1407 1186 1470 At
1209 1405 1289 1471 nihil
1313 1426 1383 1470 om-

245 1511 300 1575 nia
322 1511 381 1575 illa
404 1510 554 1594 exempla
576 1509 722 1594 probant.

331 1614 367 1677 P.
389 1616 449 1676 106
472 1612 552 1698 περὶ
568 1609 712 1698 Δάφνης
726 1633 790 1677 non
805 1618 871 1677 tota
885 1613 1004 1696 glossa,
1023 1612 1058 1677 id
1073 1612 1159 1695 quod
1174 1613 1275 1678 Flaoh
1290 1612 1384 1679 vide-

245 1726 296 1784 tur
311 1718 505 1800 existimare,
533 1720 640 1783 Treta.
659 1718 739 1802 Lyo.
758 1721 777 1780 6
797 1716 916 1784 fontem
932 1718 1049 1815 habet,¹
1064 1718 1160 1782 immo
1183 1718 1264 1784 nihil
1284 1719 1318 1783 in
1343 1740 1383 1784 ea

246 1844 309 1889 non
333 1843 350 1888 e
373 1822 472 1887 Phav.
498 1844 531 1907 p.
553 1826 613 1884 454
637 1820 804 1906 profluxit,
838 1822 893 1887 ubi
922 1843 994 1887 oum
1024 1822 1106 1887 alios
1135 1827 1202 1886 tum
1230 1822 1290 1888 hos
1317 1829 1383 1888 tres

245 1914 302 1992 ille
325 1927 430 1992 fontes
453 1925 651 1990 transcribit:
690 1927 715 2008 1)
744 1923 849 1991 Sohol,
876 1925 969 1990 Hom.
996 1926 1035 1989 11,
1060 1926 1143 1990 114.
1174 1926 1186 2011 ΙΙ
1214 1929 1244 2008 2)
1271 1926 1380 1991 Sohol.

245 2031 342 2095 Arist.
362 2031 437 2095 Pae.
459 2033 550 2093 1044.
584 2030 597 2112 ΙΙ
629 2029 658 2113 3)
686 2028 891 2112 TretaLyo.
911 2033 941 2093 6.
981 2029 1134 2112 Eprima
1148 2029 1259 2113 glossa
1274 2029 1384 2094 Eudo-

246 2135 297 2199 oia
318 2134 444 2199 initium
460 2133 584 2217 aooepit
605 2151 706 2216 usque
729 2133 771 2197 ad
795 2129 979 2216 ἕστέψατος
1005 2139 1072 2198 tum
1096 2128 1147 2198 διὸ
1171 2170 1213 2180 -
1237 2129 1384 2218 ἐστεφα-

245 2245 366 2304 νοῦντο
389 2259 431 2325 111
452 2237 565 2319 altera,
593 2237 687 2302 tertia
710 2235 798 2302 dedit
820 2236 927 2301 finem.

332 2345 369 2408 P.
389 2345 450 2406 238
475 2343 555 2429 περὶ
576 2349 635 2430 τῆς
646 2336 763 2417 Ἰνοῦς.
803 2342 976 2406 Phavorini
998 2343 1139 2426 glossam
1156 2339 1247 2429 Βύνη
1272 2364 1303 2426 p.
1320 2346 1384 2407 394

247 2449 371 2515 duobus
395 2467 413 2512 1
436 2447 577 2512 fontibus
599 2447 748 2511 haustam
769 2447 828 2530 (Et.
847 2447 890 2510 M.
910 2449 983 2528 217,
1004 2449 1022 2510 3
1040 2452 1072 2511 11
1086 2449 1195 2512 Τ1111.
1214 2447 1293 2532 Lyo.
1307 2450 1380 2534 107)

246 2554 292 2618 ita
314 2550 466 2616 deser-ibit
487 2549 648 2633 lindesia,
680 2557 715 2614 ut
744 2571 827 2634 quae
855 2550 911 2616 ille
941 2550 1032 2615 initio
1061 2550 1167 2635 posuit
1195 2552 1309 2636 (Etym.
1336 2553 1381 2616 M.

246 2657 351 2720 looum
374 2661 406 2720 et
421 2656 557 2719 Tzetzae
580 2654 694 2720 soholii
717 2653 853 2738 initium)
880 2654 952 2738 ipsa
967 2659 1111 2719 extrema
1133 2653 1243 2719 faeiat.
1283 2656 1386 2721 Prae-

246 2768 336 2826 terea
363 2760 463 2825 verba
494 2765 554 2824 τοῦ
581 2755 750 2845 πρότερον
779 2759 992 2844 Μελικέρτου
1022 2760 1203 2843 λεγομένου
1232 2759 1387 2825 falsarius

248 2865 282 2929 in
305 2862 450 2947 margine
473 2861 592 2927 eodiois
615 2862 752 2926 Parisini
775 2862 907 2927 aliunde
930 2861 1021 2928 addit
1040 2862 1190 2946 idemque
1221 2884 1278 2948 pro
1301 2865 1387 2929 Tne-

248 2975 319 3032 tzae
341 2967 449 3032 verbis
472 2987 492 3031 a
514 2966 693 3030 Phavorino
717 2965 850 3030 servatis
883 2964 959 3050 ἒνὼ
988 2965 1030 3030 δὲ
1061 2964 1156 3052 παρὰ
1184 2963 1222 3031 τὸ
1245 2964 1317 3049 roo
1341 2969 1387 3033 ad

248 3072 416 3137 celandam
431 3070 588 3153 originem
610 3064 630 3157 ἢ
654 3067 749 3156 παρὰ
765 3066 802 3134 τὸ
818 3066 890 3152 delto
914 3069 1032 3135 seribit.
1080 3072 1117 3135 In
1141 3070 1272 3153 reliquis
1295 3091 1386 3136 sum-

249 3191 303 3239 ma
324 3174 480 3256 religione
503 3174 674 3238 Phavom‘ni
696 3174 775 3238 vitia
800 3180 922 3238 tuetur:
956 3181 1108 3239 πεσοῦσα
1132 3172 1179 3249 εἰς
1202 3172 1388 3241 θάλασσαν

131 3334 133 3341 s
248 3281 370 3359 Treta,
388 3273 560 3363 φεύγουσα
572 3277 672 3342 Phav.
687 3277 769 3341 Eud.
790 3277 801 3362 ΙΙ
819 3271 989 3364 ἀπεπνίγη
1003 3279 1125 3351 Treta,
1142 3275 1189 3353 εἰς
1201 3275 1388 3344 θάλασσαν

252 3375 598 3466 ἀπέπτηΡ1111.Ε11(1.
630 3380 641 3465 ΙΙ
668 3376 882 3465 Ἀμφίμαχος
893 3382 1015 3462 Treta,
1034 3377 1384 3466 ΆμφίμαρχοςΡὴειν.

183 3466 189 3484 ’
249 3483 331 3549 Eud.
372 3484 384 3568 ΙΙ
421 3479 507 3546 κατὰ
542 3480 714 3570 σνγκοπὴν
746 3481 836 3571 uduo
869 3484 919 3548 ht.
953 3485 1010 3566 M.‚
1048 3481 1133 3547 κατὰ
1167 3506 1260 3568 onya.
1297 3481 1385 3572 δύνη

249 3588 349 3652 Phav.
375 3586 458 3651 hlud.
1161 3574 1166 3605 l

335 3691 371 3754 P.
392 3693 453 3753 406
477 3688 615 3771 denique
638 3690 718 3754 nihil
740 3690 882 3756 Eudoeia
904 3691 1013 3775 habet,
1045 3691 1130 3775 quod
1152 3712 1215 3756 non
1239 3712 1256 3757 e
1278 3692 1384 3757 Phav.

250 3794 431 3881 sumpserit,
478 3793 607 3858 Initium
632 3833 668 3840 -
696 3795 795 3870 σέλας
824 3795 890 3860 fere
920 3794 1023 3860 isdem
1053 3796 1160 3861 verbis
1188 3795 1272 3861 redit
1297 3797 1386 3879 apud

249 3898 463 3963 Phavorinum
491 3901 588 3977 1786;
622 3897 712 3962 ouius
735 3903 799 3963 tres
822 3898 926 3963 fontes
949 3904 1038 3963 sunt:
1077 3899 1167 3962 Eust.
1193 3897 1287 3962 Hom.
1307 3903 1383 3983 345,

250 4002 357 4086 Etym.
382 4002 425 4066 M.
452 4004 524 4084 772,
551 4005 601 4084 49,
636 4002 743 4066 Treta.
777 4003 854 4086 Lyo.
883 4006 953 4064 177.
1000 4003 1081 4067 'lum
1111 4000 1254 4067 Eudoeia
1282 4021 1385 4084 usque

250 4105 292 4170 ad
316 4102 493 4190 ἐπέθηκεν
510 4124 550 4169 ex
573 4103 717 4169 eiusdem
739 4104 912 4169 Phavorini
934 4125 1007 4187 pag.
1031 4108 1111 4168 1785
1135 4104 1232 4169 habet
1257 4103 1385 4169 initium

251 4207 455 4274 Eustathiani
483 4208 562 4292 looi,
597 4206 772 4290 eademque
800 4215 849 4277 est
878 4208 966 4295 origo
988 4207 1244 4275 Eudooianarum
1271 4229 1386 4276 voeum
