2910 4882
537 267 538 270 Ν
600 371 641 378 -
690 335 774 417 taso]
821 372 863 379 -
911 404 914 410 ,
1256 340 1294 398 τι

163 544 221 586 ναι
244 520 443 586 Scholiorum
465 521 548 605 libri,
575 520 730 609 ταύτης
754 521 801 607 ἐρ.
823 524 897 588 Ald.
917 525 1016 588 Phav.
1036 525 1155 590 Eudoc.
1189 527 1201 610 ΙΙ
1232 533 1298 590 τῶν

163 628 291 690 τέκνων
313 619 416 711 αὐτῆς
438 630 649 714 βαρυνομένη
674 628 870 693 Scholiorum
893 629 975 712 libri,
1002 623 1105 716 αὐτῆς
1128 637 1192 695 τιῖιν
1215 653 1297 694 παι-

164 729 248 796 δίιον
269 735 517 816 βαροθσμοῦσα
540 732 614 797 Ald.
640 733 739 798 Phav.
765 733 846 798 Eud.

250 835 287 899 P.
314 836 374 898 374
399 836 478 921 περὶ
501 833 761 920 Σεσογχώσιδος.
808 837 936 902 Initium
966 858 1068 920 usque
1093 839 1136 903 ad
1160 848 1298 925 σημεῖον

163 937 327 1004 eScholic
342 938 404 1021 Ap.
421 938 482 1003 Rh.
500 940 545 1005 IV
561 943 623 1003 272
646 939 789 1005 Parisino
804 941 953 1005 haustum
969 948 1029 1006 ost.
1069 943 1150 1005 Tum
1173 964 1297 1023 κοσμο-
1393 945 1394 948 ’

162 1039 297 1127 κράτωρ
319 1079 363 1088 -
385 1042 516 1126 λέγεται
538 1043 706 1108 ePhavor.
725 1065 758 1128 p.
780 1047 872 1126 1642,
900 1044 990 1109 cuius
1013 1052 1062 1110 est
1082 1044 1154 1110 fons
1175 1044 1297 1110 Musuri

164 1145 309 1211 scholion
324 1145 368 1212 ad
381 1146 605 1230 Aristophanis
621 1147 706 1212 Nub.
727 1150 799 1229 397,
826 1148 866 1212 dc
889 1167 958 1229 quo.
974 1147 1053 1212 haec
1070 1146 1202 1212 adnotat
1217 1148 1298 1212 Din-

162 1248 254 1314 dorf:
281 1249 359 1315 »illa
381 1248 422 1314 de
442 1249 633 1315 Sesonchosi
660 1250 938 1334 (Psammetichum
959 1252 1125 1317 nominare
1147 1251 1292 1336 debebat)

162 1355 313 1419 Musurus
335 1353 405 1438 ipse
426 1352 552 1418 videtur
574 1355 820 1439 composuisse«.

251 1458 286 1522 P.
313 1459 375 1519 420
399 1457 479 1542 περὶ
503 1455 680 1542 Φρύνιδος.
721 1458 891 1523 Phavorini
913 1478 944 1541 p.
968 1462 1048 1523 1846
1071 1466 1255 1543 excerptum
1278 1481 1296 1526 e

163 1561 294 1626 Scholic
309 1561 364 1624 Ar.
383 1561 468 1626 Nub.
488 1564 549 1625 067
573 1562 690 1627 Aldino
713 1562 817 1627 isdem
840 1562 948 1627 verbis
963 1561 1116 1629 describit
1130 1563 1293 1629 Eudocia:

164 1668 344 1750 κιθαρίσαι
373 1658 460 1748 παρ’
492 1658 688 1751 Ἀθηναίοις
717 1666 775 1729 καὶ
802 1671 936 1753 νικῖγσαι
973 1666 1170 1731 Scholiorum
1207 1668 1291 1750 libri,

165 1766 261 1854 παρὰ
291 1760 487 1854 Ἀθηναίοις
520 1768 730 1854 κιδαρῳδικῇ
764 1776 898 1856 νικῆσαι
930 1770 1005 1834 Ald.
1036 1770 1135 1836 Phav.
1166 1772 1248 1836 Eud.
1288 1771 1297 1858 Η

162 1866 429 1958 Ἀριστοκλείδας
460 1871 658 1937 Scholiorum
680 1872 769 1955 libri,
806 1867 1070 1958 Ἀριστόκλειτος
1092 1874 1167 1939 Ald.
1193 1875 1293 1939 Phav.

163 1976 247 2040 Eud.
281 1975 292 2059 ll
325 1968 422 2039 ἅτινα
446 1968 489 2050 ὡς
510 1973 555 2062 μὴ
581 1969 747 2060 ἀναγκαῖα
772 1973 877 2058 ἐῶμεν
898 1977 930 2042 in
953 1977 1015 2042 fine
1038 1977 1129 2043 addit
1149 1979 1219 2062 ipsc
1235 1979 1297 2044 fal-

165 2097 279 2145 sanus.

249 2182 353 2261 Quam
382 2188 529 2247 accurate
556 2183 701 2248 Eudocia
730 2202 801 2247 cum
831 2182 949 2248 Aldina
970 2183 1197 2269 Aristophanis
1227 2185 1297 2251 cdi-

163 2286 247 2352 tione
271 2306 301 2350 a.
330 2289 411 2350 1498
436 2285 623 2368 consentiat,
650 2287 713 2350 iam
736 2288 774 2350 R.
800 2287 952 2352 Nitzsche
975 2287 1210 2371 animadvertit,
1236 2309 1296 2355 nec

164 2396 273 2455 tamen
302 2389 379 2472 quid
407 2390 483 2454 inde
514 2396 700 2472 sequeretur
729 2391 903 2474 perspexit.
964 2392 1064 2457 Flach
1097 2392 1188 2456 illum
1218 2413 1296 2457 con-

164 2512 293 2558 sensum
316 2512 394 2558 casu
417 2494 565 2558 effectum
588 2513 660 2557 esse
683 2514 714 2577 p.
737 2496 796 2555 122
819 2514 987 2578 perperam
1010 2502 1129 2560 censet.
1169 2496 1220 2559 An
1242 2516 1296 2560 ca-

163 2598 212 2662 sui
234 2596 439 2661 tribuendum
462 2601 528 2680 est,
554 2596 640 2678 quod
662 2596 769 2661 nullus
792 2596 881 2662 locus
904 2617 945 2661 ex
967 2596 1104 2663 Schoiiis
1127 2598 1170 2662 ad
1192 2599 1296 2663 Thes-

161 2700 424 2784 mophoriazusas
454 2706 510 2764 aut
539 2699 750 2785 Lysistratam
779 2700 858 2784 ipsis
888 2700 920 2764 in
950 2700 1082 2766 violario
1114 2701 1296 2766 invenitur?

159 2804 247 2869 Nam
270 2826 303 2888 p.
323 2806 384 2867 270
408 2804 488 2888 περὶ
510 2801 739 2888 Κλειταγόρας
761 2824 824 2868 non
846 2804 951 2888 ipsum
975 2803 1081 2868 Schol.
1102 2806 1178 2890 Lys.
1201 2808 1290 2887 1239,

160 2907 220 2972 sed
243 2905 377 2972 Suidam
400 2906 544 2989 sequitur
565 2907 719 2971 Eudocia.
767 2907 853 2971 Satis
882 2913 990 2971 autem
1017 2914 1124 2973 notum
1148 2914 1198 2973 est
1219 2910 1295 2974 Aldi

157 3011 335 3078 editionem
357 3010 537 3095 Lysistrata
560 3017 592 3075 et
613 3010 952 3093 Thesmophoriazusis
975 3030 1093 3076 carere.

247 3114 360 3197 Neque
382 3115 499 3179 rectius
514 3114 614 3178 Flach
638 3119 736 3196 negat
758 3133 776 3178 e
795 3113 899 3179 lexico
915 3114 1021 3195 aliquo
1037 3114 1095 3179 hos
1110 3116 1197 3181 locos
1213 3117 1296 3180 sumi

156 3218 317 3304 potuisse.
365 3217 449 3283 Sane
477 3217 606 3300 quidem
632 3217 776 3282 Eudocia
802 3218 896 3302 plura
918 3218 1142 3301 Aristophanis
1172 3219 1296 3286 scholia

155 3321 193 3386 in
217 3341 313 3386 unam
337 3322 477 3404 glossam
500 3320 723 3385 transfundere
746 3327 880 3404 poterat,
906 3342 1002 3404 quam
1026 3322 1200 3387 sescenties
1220 3342 1295 3386 con-

158 3431 226 3490 stat
255 3425 360 3489 varios
390 3425 494 3491 fontes
524 3424 689 3490 miscuisse
719 3430 752 3489 et
782 3425 996 3507 perturbasse.
1047 3425 1112 3491 Sed
1141 3425 1294 3509 plurimos

158 3528 231 3594 eius
255 3528 383 3610 generis
405 3529 491 3593 locos
513 3528 577 3592 iam
600 3527 816 3593 aPhavorino
839 3529 1030 3612 compositos
1046 3528 1180 3613 accepit.
1220 3530 1295 3593 Ple-

156 3631 229 3696 nior
256 3651 332 3696 verc
358 3631 475 3696 nostris
505 3631 635 3696 scholiis
662 3631 906 3714 Aristophaneis
935 3632 1079 3698 Eudocia
1107 3633 1196 3696 nullo
1225 3634 1294 3697 loco

160 3741 226 3814 est;
253 3755 329 3799 nam
344 3755 426 3816 quae
442 3757 474 3819 p.
497 3739 535 3798 10
550 3735 649 3801 habet
671 3729 933 3800 ἀναπέπλασται
956 3735 992 3800 δὲ
1014 3733 1056 3799 τὰ
1079 3730 1229 3817 ὀνόματα
1252 3775 1294 3783 -

159 3832 277 3922 ὑγείαν
311 3842 490 3923 παρέχειν,
528 3859 567 3903 ea
589 3838 785 3904 adverbum
808 3860 848 3904 ex
882 3838 1000 3920 [Schol.
1026 3840 1080 3903 Ar.
1106 3839 1190 3903 Plut.
1216 3842 1289 3924 701)

161 3943 298 4007 Phavor.
318 3963 350 4026 p.
370 3945 432 4006 296
456 3940 615 4006 describit.
650 3941 662 4025 11
692 3943 728 4005 Ρ.
749 3945 810 4006 290
834 3943 913 4027 περὶ
930 3942 1047 4007 Μίδου
1069 3962 1131 4006 non
1150 3963 1168 4007 e
1184 3942 1291 4007 Schol.

162 4045 217 4109 Ar.
244 4045 326 4110 Plut.
354 4048 414 4109 287
447 4045 543 4109 ducta
566 4050 640 4108 sunt
661 4046 760 4110 verba
782 4034 997 4129 λέγεταιοῧν
1018 4039 1035 4108 r‘
1061 4051 1229 4131 παροιμία
1251 4084 1295 4093 —-
1402 4044 1406 4053 '

162 4145 415 4228 λανθανόντων,
436 4148 503 4231 sed,
524 4148 604 4212 sicut
619 4149 725 4213 omnia
743 4146 818 4213 inde
834 4170 854 4213 a
870 4170 901 4213 v.
920 4147 1060 4234 ἐλέγετο,
1081 4149 1293 4214 ePhavorino

161 4271 193 4338 p.
215 4254 308 4336 1200,
335 4251 425 4318 cuius
448 4252 552 4320 fontes
575 4259 648 4321 sunt
663 4252 769 4320 Schol.
788 4254 841 4319 Ar.
861 4253 945 4317 Plut.
964 4255 1024 4319 287
1042 4259 1074 4319 et
1090 4253 1207 4320 Suidas
1223 4254 1243 4320 i.
1259 4275 1288 4319 v.
