2910 4882
595 351 637 358 -
685 313 769 394 [335]
818 351 860 357 -
1254 315 1295 376 ιε

159 503 252 568 docia
268 503 364 568 debet
387 502 509 567 initium
534 522 636 584 usque
660 503 702 567 ad
726 495 919 583 όμοιωθείς,
948 502 1072 584 reliqua
1087 502 1193 566 altori:
1224 507 1295 564 Κα-

159 606 286 689 σιαλίῳ
302 644 345 653 -
361 602 503 686 ἐχούσας
520 605 686 691 δελφῖνος.
725 599 924 690 Ἡλιόδωρος
940 605 1038 669 Phav.
1059 605 1156 686 Eud.⁷
1180 599 1296 669 Ἡλιό-

161 709 269 795 δωρος
292 711 343 775 vel
366 709 472 794 potius
494 706 751 795 Άιιολλόδωρος
774 708 991 793 (cf.Muelle1i
1013 707 1088 773 adn.
1114 709 1157 773 ad
1177 710 1291 791 locum)

159 815 267 878 Tzetz.
308 812 320 898 ))
356 806 425 878 διεδ
457 811 586 897 δειράδι
615 817 866 900 Παρνησοῖο
896 815 1026 895 Treta,
1063 805 1131 877 ὑπὸ
1167 809 1297 898 δειράδι

159 917 261 982 Phav.
287 916 369 981 Eud.
404 917 416 1002 1)
447 924 512 983 τῶν
534 914 651 982 τόσσων
673 919 723 985 Et.
749 919 806 998 M„
836 913 895 982 τόν
917 913 1026 981 τόπον
1047 916 1147 981 Phav.
1173 917 1256 982 Eud.

248 1048 276 1130 3)
304 1048 339 1111 Ρ.
367 1050 429 1112 210
458 1041 475 1111 ὁ
499 1045 698 1134 Λυκόφρων
721 1051 842 1135 φησίν·
868 1068 885 1112 e
908 1049 1045 1112 Tzetzae
1068 1047 1177 1112 codice
1199 1046 1297 1113 habet

158 1149 260 1215 Phav.
286 1171 318 1234 p.
345 1153 423 1233 868,
460 1171 500 1216 ex
529 1150 590 1216 hoc
612 1150 765 1216 Eudocia.
813 1152 932 1215 Extant
954 1151 1038 1215 enim
1060 1150 1119 1215 illa
1141 1151 1240 1215 verba
1261 1151 1295 1215 in

158 1254 351 1337 quibusdam
381 1257 517 1321 Tuetzae
548 1255 638 1320 libris
672 1254 722 1336 (of.
755 1253 902 1320 Muelleri
936 1254 1044 1320 adnot.
1077 1255 1219 1320 criticam
1252 1256 1322 1320 ads

157 1358 265 1422 Taetz.
291 1359 367 1442 Lyc.
388 1359 453 1441 50).

247 1492 275 1568 t)
302 1488 338 1550 P.
359 1491 418 1551 241
453 1481 508 1551 ὅτε
541 1481 610 1551 άπὸ
642 1494 700 1574 της
723 1482 880 1563 Ἑλλάδος
911 1481 1090 1563 ἀπόπλους
1112 1525 1155 1535 -
1178 1485 1295 1552 ἐπιδο-

158 1596 280 1678 θείσης
308 1595 472 1678 τυθῆναι·
503 1611 567 1656 non
590 1612 608 1656 e
631 1591 729 1656 schol.
757 1592 915 1676 Lycophr.
944 1593 1015 1672 183,
1050 1589 1107 1656 sed
1135 1612 1153 1657 e
1180 1592 1294 1656 Nonno

158 1695 202 1759 ad
225 1695 321 1778 Greg.
347 1694 428 1759 Naz.
454 1715 500 1760 or.
526 1694 594 1759 fun.
620 1693 732 1759 Basilii
754 1694 797 1757 M.
834 1694 884 1774 (cf.
910 1693 1060 1759 Oreuzeri
1089 1694 1295 1759 meletemata

157 1819 191 1882 p.
212 1801 262 1880 70)
289 1796 388 1862 habet
409 1795 552 1862 Eudocia
582 1797 689 1862 omnia
717 1797 792 1861 inde
818 1797 858 1861 ab
889 1791 944 1861 ὅτε
968 1791 1037 1860 άπὸ
1061 1804 1119 1883 της
1138 1791 1295 1873 Ἑλλάδος

157 1938 201 1948 -
225 1899 356 1966 ἐθυσαν
379 1899 411 1964 οἱ
426 1894 593 1986 Ἕλληνες.
640 1903 721 1965 Tum
746 1899 848 1976 ἐθνος
866 1937 903 1948 -
924 1906 1052 1985 Ταῦροι
1074 1907 1106 1965 et
1128 1895 1211 1987 αὕτη
1236 1889 1295 1967 οὖν

159 1998 299 2091 ἡἸφιγ.
326 2042 367 2051 -
392 2003 452 2091 τὴν
470 1998 612 2069 (Ελλάδα
636 2025 653 2069 e
676 2004 814 2068 Nonn.l
838 2008 867 2067 7.

246 2136 275 2218 5)
303 2134 338 2197 P.
366 2135 428 2197 298
460 2133 539 2218 περὶ
561 2129 724 2218 Μόρρας·
760 2126 846 2196 οὕτω
878 2132 913 2196 δὲ
936 2129 1184 2220 Ἀριστοφάνης
1213 2138 1296 2198 παί-

160 2237 229 2316 ζων
251 2239 340 2321 λέγει
361 2236 460 2301 verba
483 2237 557 2301 huic
578 2236 646 2301 loco
669 2237 798 2300 minime
821 2243 896 2321 apta
916 2237 1024 2302 nescio
1047 2257 1111 2319 qua
1134 2237 1174 2302 de
1197 2258 1296 2304 causa

158 2361 177 2407 e
200 2340 372 2405 Phavorini
394 2341 505 2423 glossa
526 2345 687 2421 μυιιωιιῖι
709 2340 806 2423 paulo
834 2339 918 2403 infra
946 2339 1053 2424 posita
1081 2340 1295 2425 impudentis-

158 2445 258 2509 simus
282 2444 433 2508 falsarius
455 2443 573 2508 intulit.

246 2576 275 2658 6)
302 2574 339 2637 Ρ.
358 2575 420 2635 322
446 2573 526 2657 περὶ
548 2579 606 2658 της
622 2570 814 2648 Παλλάδος.
853 2574 969 2638 Totam
988 2574 1130 2657 glossam
1150 2575 1292 2638 eTzetz.

158 2679 238 2762 Lyc.
254 2681 315 2740 355
332 2676 528 2761 deprompsit
539 2676 736 2749 Phavorinus
748 2698 780 2760 p.
799 2680 891 2759 1417,
911 2677 1119 2742 ePhavorino
1132 2677 1291 2742 Eudooia:

160 2780 350 2866 Σιμωνίδης
373 2773 390 2843 ὁ
414 2776 632 2863 γενεαλόγος,
658 2780 724 2844 καλ
749 2773 765 2843 δ
782 2773 1088 2856 Ἀπολλώνιος·
1120 2775 1296 2867 ὑψηλῶν

159 2881 292 2971 ὀρέων
315 2881 503 2970 Πηλιάδες
533 2889 721 2970 κορυφῇσιν
751 2881 924 2966 ἐθάμβεον
945 2885 1075 2967 Tacta,
1108 2885 1296 2972 Σιμωνίδης

159 2983 177 3058 ό
208 2985 407 3072 γενεαλόγος
440 2984 639 3074 Πηλιάδης
674 2983 847 3069 ἐθάμβεον
875 2988 976 3052 Phav.
1009 2987 1093 3052 Eud.
1147 2989 1295 3054 Ceterum

157 3096 304 3177 χείρεσιν
335 3089 592 3175 ἐπικραδέονιες
622 3088 769 3175 ἐρετάων
791 3098 826 3156 ut
848 3091 935 3175 apud
957 3091 1170 3157 Phavorinum
1193 3092 1239 3156 ita
1261 3092 1295 3156 in

160 3195 271 3262 codice
294 3194 455 3259 Eudooiae
479 3194 592 3259 vitiose
616 3201 781 3259 exaratum
804 3201 863 3259 est.
912 3190 971 3259 τὸν
993 3192 1101 3259 τόπον
1129 3195 1297 3281 κληθῆναί

160 3319 277 3384 φασιν.
297 3291 431 3383 (Έτερος
454 3296 492 3361 δέ
520 3321 570 3373 τις
596 3294 763 3383 ἱστορικός
787 3291 873 3362 οὕτω
898 3299 986 3381 λέγει
1008 3299 1176 3385 κληθῆναι
1198 3299 1297 3364 verba

158 3423 179 3468 a
201 3401 382 3467 Phavoriuo
405 3401 533 3482 omissa,
561 3400 676 3466 eadem
699 3423 720 3466 a
735 3401 868 3466 violario
891 3403 1017 3466 absunt.
1062 3401 1295 3467 Luculentissi-

158 3527 245 3571 mum
269 3505 407 3588 denique
430 3503 553 3569 falsarii
578 3505 748 3587 vestigium
778 3506 908 3589 glossae
936 3505 969 3569 in
992 3505 1055 3571 fine
1082 3506 1297 3590 deprehendi-

157 3617 210 3675 tur
224 3610 301 3674 hoc:
328 3608 423 3692 Apud
440 3608 654 3673 Phavorinum
671 3629 742 3674 cum
766 3608 886 3674 scholio
909 3611 1016 3674 Tuetz.
1038 3611 1113 3693 Lyc.
1135 3614 1195 3675 355
1221 3631 1296 3675 con-

157 3712 300 3777 iunctum
329 3718 418 3777 extat
447 3711 605 3795 integrum
637 3712 779 3777 eiusdem
811 3713 953 3778 scholion
983 3714 1025 3778 ad
1048 3715 1125 3797 Lyc.
1151 3717 1213 3777 356
1235 3714 1291 3796 ita,

158 3822 193 3881 ut
212 3816 398 3900 posterioris
422 3815 536 3881 scholii
558 3816 676 3881 lemma
698 3824 756 3903 τῆς
771 3814 989 3903 μισονόμφου
1010 3818 1100 3882 nulla
1114 3817 1296 3882 intermissa

156 3919 413 4003 interpunctione
444 3926 516 4002 post
546 3918 594 3995 εἰς
625 3916 685 4006 την
700 3915 803 3984 Ἴλιον
833 3926 994 4002 sequatur.
1043 3920 1130 3998 Quas
1157 3921 1296 4006 ineptias

158 4043 230 4087 oum
265 4029 370 4087 servet
401 4022 560 4105 Eutimia,
599 4023 639 4088 dc
667 4023 845 4088 Phavorino
879 4023 974 4089 huius
1008 4045 1133 4107 quoque
1167 4026 1297 4108 glossae

157 4123 247 4190 fonte
263 4124 403 4190 dubitari
426 4125 546 4206 nequit.
596 4127 707 4209 Neque
730 4128 796 4192 ullo
819 4127 912 4192 modo
935 4148 953 4192 e
975 4128 1095 4193 scholio
1111 4128 1297 4213 Lycophro-

158 4228 209 4294 nis
231 4227 375 4314 pleniore
399 4249 439 4294 ca
462 4228 648 4313 depromere
670 4231 782 4316 potuit,
817 4252 900 4313 quae
923 4253 942 4297 a
965 4233 1082 4322 'luetza
1113 4239 1144 4299 et
1168 4254 1188 4297 a
1210 4234 1293 4298 Pha-

1311 4522 1447 4592 ‘⁴-
