2910 4882
594 364 636 371 -
685 328 768 409 [317]
816 365 856 373 -
1273 331 1291 389 5

158 522 279 580 textum
302 523 492 597 receperunt
507 515 646 579 editores
668 536 772 600 paene
794 516 884 623 nulla
906 516 1078 599 peculiaris
1101 514 1188 581 sedis
1204 537 1293 582 meu-

157 617 243 682 tione
265 617 362 681 faota.
409 616 490 681 Sunt
512 624 619 683 autem
641 619 700 683 illa
722 639 762 684 ex
783 619 886 685 isdem
902 618 1056 702 fontibus,
1082 619 1167 684 unde
1187 626 1293 685 textus

160 720 299 787 derivari
321 721 412 804 solet,
439 719 642 806 deprompta:
674 729 708 787 ut
730 723 771 787 ab
794 743 842 802 eo,
869 723 924 805 qui
944 729 1066 788 tentum
1089 722 1225 806 scripsit,
1252 722 1295 787 ad
1409 773 1411 776 >

158 823 355 910 supplendas
378 825 503 907 glossas
520 846 559 891 ea
574 845 646 891 esse
661 826 809 911 apposita
824 832 990 911 appareat.
1038 826 1076 889 In
1100 825 1214 907 quibus
1235 825 1293 890 ad-

157 927 342 994 ditamentis
373 949 443 995 oum
473 928 607 995 eaedem
636 935 744 994 tentus
767 930 954 1014 scriptorum
978 947 1202 1013 expressorum
1229 928 1293 993 lor-

158 1052 231 1096 mae
253 1038 426 1116 usurpatae
450 1031 513 1097 sint
542 1039 637 1115 atque
660 1031 693 1097 in
715 1032 794 1117 ipsis
817 1031 979 1098 Eudooiae
1006 1031 1140 1114 glossis,
1176 1031 1294 1097 oodiois

158 1134 295 1201 Parisini
318 1135 483 1200 librarium
506 1157 570 1201 non
590 1155 662 1202 esse
678 1135 840 1202 diversum
864 1137 904 1201 ab
927 1141 1056 1202 auctore
1072 1135 1200 1200 violarii
1223 1135 1295 1200 effi-

158 1238 251 1304 citur.
711 1245 713 1251 ’

197 1347 204 1357 “
245 1342 424 1433 Editionem
447 1343 574 1409 violarii
590 1342 643 1426 qni
659 1343 779 1428 primus
795 1342 885 1409 dedit
899 1341 1107 1408 Villoisonius
1129 1342 1162 1406 in
1178 1343 1292 1408 aneod.

159 1445 251 1511 Grl
279 1447 430 1529 (Venetiis
450 1448 556 1531 1781),
589 1468 652 1513 non
676 1468 745 1512 eam
769 1467 864 1530 quam
893 1467 953 1530 par
979 1453 1048 1512 erat
1070 1466 1177 1511 euram
1200 1445 1294 1511 adhi-

158 1550 239 1615 buit.
286 1551 411 1616 Etenim
435 1551 574 1636 plurima
597 1550 715 1616 oodiois
731 1551 809 1616 vitia
832 1551 947 1616 taeitus
967 1551 1112 1633 oorrexit,
1138 1550 1205 1615 alia
1225 1551 1296 1633 ipse

159 1675 224 1718 uon
246 1673 351 1738 paura
372 1654 537 1720 Eudooiae
568 1654 717 1736 obtrusit,
750 1654 888 1738 denique
917 1654 1094 1739 particulae
1124 1655 1296 1719 nonnullae

158 1758 233 1822 libri
254 1779 351 1823 mauu
375 1758 484 1842 scripti
513 1759 546 1822 in
574 1757 713 1824 editione
736 1758 966 1824 desiderantur.
1016 1758 1138 1836 Quibus
1160 1759 1296 1823 maculis

159 1868 194 1927 ut
209 1862 369 1927 Eudooiae
392 1869 513 1928 textum
536 1863 696 1943 liberaret,
722 1883 837 1928 novam
861 1862 1032 1928 editionem
1056 1882 1158 1946 nuper
1174 1862 1295 1926 curavit

159 1967 185 2030 I.
211 1965 326 2050 Flaoh,
359 1967 409 2031 vir
430 1967 470 2032 de
493 1966 553 2032 hoo
574 1973 704 2032 auctore
730 1965 819 2031 haud
841 1966 937 2032 dubie
959 1966 992 2030 in
1015 1964 1126 2050 primis
1149 1965 1292 2031 meritus.

161 2069 223 2147 Qui
246 2089 316 2134 oum
340 2076 372 2135 et
395 2070 536 2136 oodioem
559 2069 739 2134 Parisinum
762 2069 884 2155 primus
907 2075 979 2152 post
997 2068 1219 2134 Villoisonium
1242 2088 1297 2133 ao-

161 2173 300 2238 ouratius
318 2172 536 2238 examinasset
557 2179 589 2238 et
612 2173 752 2238 fontibus
774 2172 969 2257 indagandis
986 2192 1116 2257 operam
1139 2173 1291 2262 dedisset,

161 2275 231 2341 fieri
252 2296 315 2341 non
338 2277 494 2362 potuisset
516 2277 593 2361 quin
616 2277 762 2342 omnibus
791 2278 933 2342 numeris
956 2276 1137 2342 absolutam
1160 2275 1296 2341 exhibe-

162 2385 211 2444 ret
232 2379 393 2446 Eudooiae
416 2380 604 2462 editionem,
637 2380 700 2446 nisi
727 2380 948 2465 praeiudicata
975 2381 1015 2445 de
1038 2379 1176 2445 auctoris
1200 2400 1295 2464 prae-

162 2482 280 2547 stantia
303 2481 417 2548 duotus
433 2483 582 2568 opinione
606 2483 684 2549 satis
707 2484 875 2549 multorum
899 2490 931 2548 et
953 2483 1153 2566 egregiomm
1178 2483 1297 2548 oodiois

161 2585 308 2650 vitiorum
331 2586 523 2652 mentionem
545 2587 757 2672 inapparatu
780 2587 898 2670 oritioo,
924 2586 1070 2652 intentu
1093 2585 1206 2653 eadem
1229 2586 1296 2652 fere

162 2695 259 2772 atque
282 2689 506 2772 Villoisonius,
526 2728 529 2733 >
547 2690 624 2772 quin
656 2691 753 2757 etiam
783 2691 876 2775 plura
911 2712 1008 2775 quam
1036 2691 1093 2755 ille
1123 2690 1293 2755 omisisset.

162 2793 309 2857 Fontium
325 2800 432 2859 autem
455 2793 638 2859 testimonia
653 2815 844 2878 quamquam
864 2793 1020 2859 laudabili
1037 2794 1205 2877 diligentia
1220 2815 1297 2859 oon-

161 2896 301 2978 quisivit,
328 2888 435 2962 tame'n
458 2917 615 2983 persaepe
637 2898 670 2962 in
692 2897 873 2963 indicandis
897 2898 943 2963 eis
966 2898 1075 2982 proeul
1099 2918 1119 2962 a
1141 2918 1216 2962 vero
1238 2898 1297 2963 ab-

162 3019 234 3064 esse
258 3000 360 3064 virum
383 2999 602 3066 doctissimum
626 3023 665 3067 ex
689 3002 736 3066 eis
757 3022 839 3085 quae
861 3001 946 3065 infra
967 3021 1124 3086 exponam
1144 3001 1294 3067 elucebit.

248 3104 429 3188 Antequam
452 3104 699 3170 ebibliotheoae
720 3105 861 3171 tenebris
884 3105 917 3169 in
938 3105 1044 3170 luoem
1061 3105 1219 3189 prolatum
1235 3110 1295 3187 est,

162 3207 325 3272 Eudooiae
348 3208 516 3274 violarium
544 3209 685 3273 maxima
714 3208 801 3292 apud
823 3209 909 3273 viros
940 3207 1050 3272 dootos
1079 3207 1177 3272 laude
1203 3205 1297 3272 flore-

161 3312 218 3376 bat
241 3318 337 3393 atque
359 3312 582 3396 dignissimum
606 3312 784 3396 videbatur,
814 3312 907 3394 quasi
920 3310 1091 3395 ¹quoddam
1113 3311 1296 3394 »egregium

161 3414 362 3498 antiquitatis
376 3423 626 3499 monumentum,
653 3416 738 3498 quod
753 3416 882 3481 tandem
905 3415 1067 3500 publicam
1090 3416 1194 3480 luoem
1209 3415 1299 3500 aspi-

162 3525 275 3583 ceret«
304 3519 354 3602 (of.
381 3521 476 3584 catal.
502 3520 580 3585 bibl.
607 3522 686 3604 Reg.
714 3521 784 3586 eod.
810 3519 865 3585 Gr.
885 3519 928 3601 Π,
955 3541 988 3604 p.
1008 3522 1087 3597 6033
1114 3518 1298 3584 Fabricius-

163 3622 295 3688 Harless
317 3623 395 3688 bibl.
416 3623 470 3688 Gr.
490 3624 578 3707 VIII,
598 3629 638 3688 55
652 3627 711 3708 sq.)
754 3625 890 3701 Tantam
906 3624 1044 3688 virorum
1061 3622 1223 3688 doctorum
1241 3643 1298 3688 ex-

162 3728 378 3811 pectationem
394 3728 499 3793 editus
521 3729 605 3794 liber
625 3749 688 3793 non
704 3729 857 3813 explevit,
884 3728 1001 3813 quippe
1024 3747 1118 3810 quem
1133 3727 1210 3791 novi
1231 3726 1298 3790 fere

162 3830 261 3911 nihil,
297 3836 373 3896 uota
403 3832 557 3915 pleraque
587 3853 628 3898 ex
655 3832 729 3896 aliis
759 3831 900 3897 fontibus
930 3850 1033 3913 neque
1067 3849 1105 3893 eu
1136 3828 1298 3894 oodioibus

164 3933 293 4018 optimis
312 3935 457 4019 exeripta
479 3938 633 4020 praebere
655 3943 892 4018 eognosoerent.
934 3935 1020 4013 Quos
1040 3933 1203 3998 Eudooiae
1227 3932 1299 3997 fon-

164 4046 214 4102 tes
236 4037 392 4121 indagare
421 4038 542 4123 primus
573 4039 696 4105 studuit
717 4038 930 4122 Wyttenbaoh
955 4059 984 4102 a.
1009 4040 1088 4101 1783
1112 4057 1171 4102 neo
1193 4043 1299 4103 tamen

164 4141 227 4205 nisi
251 4161 359 4206 earum
383 4143 574 4226 glossarum,
609 4163 692 4226 quae
715 4144 773 4207 sub
796 4143 903 4207 littera
925 4143 953 4206 A
974 4141 1181 4206 inveniuntur
1209 4140 1294 4223 (bibl.
1328 4165 1331 4173 ·

164 4245 549 4330 emundandus,
576 4268 607 4335 p.
628 4251 646 4310 6
670 4249 747 4333 sq).
795 4245 896 4327 Quem
927 4251 1055 4313 secutus
1086 4245 1124 4312 A.
1151 4244 1300 4312 Meiueke
