2910 4882
156 1161 374 1270 Eudocianae
400 1201 598 1285 quaestionis
627 1182 795 1266 adeundae
825 1221 897 1267 cum
927 1207 1002 1266 ante
1030 1201 1089 1267 bos
1117 1201 1198 1268 duos

36 1362 42 1369 .
62 1328 164 1373 annos
179 1313 289 1373 auctor
302 1308 381 1372 mibi
397 1308 555 1372 extitisset
571 1308 658 1372 Guil.
674 1305 873 1372 Studemund
892 1314 1080 1392 praeceptor
1093 1328 1194 1390 meus,

63 1411 199 1495 primum
222 1417 387 1495 poetarum
409 1430 594 1493 graecorum
617 1410 709 1490 vitis,
743 1431 826 1492 quae
855 1411 888 1475 in
911 1410 1073 1476 Eudociae
1096 1413 1199 1477 viola.-

65 1515 111 1579 n'o
131 1516 290 1596 leguntur,
317 1535 389 1580 cum
405 1514 525 1580 Suidae
547 1515 650 1580 lexico
666 1515 859 1597 comparatis
882 1535 919 1579 eo
942 1516 1083 1599 perveni,
1109 1516 1198 1580 utin

64 1619 110 1682 eis
132 1619 256 1683 violarii
285 1618 405 1683 fontem
427 1618 644 1683 existimarem
668 1637 740 1682 esse
763 1617 883 1682 Suidae
912 1619 1052 1700 aliquem
1081 1620 1197 1684 librum

66 1722 282 1786 deterrimum.
330 1723 358 1786 A
381 1742 444 1803 qua
467 1721 625 1786 sententia
648 1741 718 1786 cum
742 1722 839 1805 plane
862 1722 1021 1786 diversam
1040 1723 1200 1788 Ioannnes

65 1823 164 1890 l'lacb
197 1826 231 1890 in
264 1825 345 1891 actis
378 1825 612 1890 Teubnerianis
647 1823 903 1907 (Mittbeilungen
936 1825 994 1891 der
1026 1827 1201 1892 Teubner’-

64 1929 162 1992 seben
184 1927 583 2012 Verlagsbucbbandlung)
611 1949 721 1994 mense
741 1928 870 1994 Octobri
889 1932 969 1994 1878
994 1931 1199 2014 promulgas-

64 2040 122 2113 set,
149 2033 307 2116 cumipse
329 2053 370 2097 ne
386 2033 566 2097 retractatis
581 2032 710 2115 quidem
725 2033 783 2113 eis,
809 2053 892 2114 quae
907 2039 982 2098 ante
997 2036 1199 2118 conquisive-

62 2156 141 2214 ram,
160 2136 358 2218 reliquisque
372 2135 589 2220 biograpbicis
603 2137 721 2218 glossis
733 2137 936 2220 examinatis,
953 2137 990 2202 ut
1001 2139 1041 2203 ab
1052 2138 1112 2203 illa
1124 2158 1199 2203 sen-

62 2239 163 2303 tentia
177 2238 372 2319 recederem,
398 2245 560 2322 permotus
576 2258 697 2304 essem:
725 2260 766 2305 ne
782 2238 859 2322 quid
873 2241 1090 2324 neglegerem,
1113 2261 1197 2306 anno

71 2344 148 2405 1879
176 2340 306 2406 ineunte
333 2341 466 2406 Parisiis
493 2348 656 2422 versatus,
691 2349 843 2424 quantum
872 2363 930 2426 per
959 2344 1111 2427 temporis
1140 2364 1199 2407 an-

63 2445 187 2527 gustias
210 2444 310 2527 licuit,
342 2445 580 2510 accuratissime
602 2445 745 2510 codicem
768 2446 896 2510 violan'i
924 2467 1020 2510 manu
1044 2447 1196 2530 scriptum

63 2567 134 2610 cum
162 2547 300 2613 editione
322 2547 502 2612 Villoisonii
528 2549 720 2633 comparavi.
768 2549 839 2627 Qua
869 2550 1105 2633 comparatione
1134 2569 1197 2613 non

62 2651 167 2733 magis
190 2671 284 2732 quam
302 2651 425 2715 Flacbii
448 2652 529 2715 libro
550 2653 847 2736 (Untersucbungen
866 2654 946 2718 liber
960 2652 1109 2718 Eudokia
1132 2651 1197 2716 und

63 2753 205 2836 Suidasl,
230 2754 264 2817 in
283 2774 377 2835 quem
394 2754 526 2818 Parisiis
543 2775 690 2821 reversus
711 2755 822 2837 incidi,
848 2756 891 2820 ad
914 2755 1098 2821 mutandam
1122 2775 1197 2819 sen-

63 2857 195 2921 tentiam
219 2857 376 2922 adductus
399 2876 480 2922 sum.
528 2859 620 2922 Nova
642 2865 749 2923 autem
773 2859 898 2923 violarii
923 2858 1072 2939 editione,
1101 2878 1196 2939 quam

61 2961 167 3025 emisit
182 2960 291 3040 blacb
318 2961 454 3042 aliisque
469 2961 660 3044 quibusdam
677 2963 844 3028 sententiis
866 2983 968 3046 nuper
989 2983 1010 3027 a
1025 2962 1103 3027 viris
1119 2961 1196 3026 doc-

62 3064 102 3127 tis
126 3063 166 3127 de
188 3062 331 3128 Eudocia
353 3064 486 3148 prolatis
509 3071 633 3129 tantum
656 3066 748 3131 abest
775 3073 810 3130 ut
831 3065 874 3130 ad
896 3064 970 3130 illas
998 3073 1106 3150 partes
1128 3071 1196 3130 tra·
1288 3060 1291 3067 ⁴

61 3167 176 3231 ductus
200 3167 276 3247 sim,
309 3174 344 3232 ut
365 3187 470 3232 meum
502 3166 543 3233 de
565 3168 626 3232 bac
648 3169 834 3250 quaestione
860 3168 1010 3234 iudicium
1035 3189 1196 3252 exponere

61 3289 101 3333 ne
123 3289 208 3334 nunc
230 3270 358 3351 quidem
382 3270 537 3335 dubitem.

147 3371 212 3438 Sed
234 3380 405 3456 antequam
436 3373 617 3438 disserendi
646 3373 771 3439 initium
794 3374 929 3453 faciam,
963 3375 1051 3439 Guil.
1078 3373 1196 3439 Stude-

61 3475 194 3555 mundo,
229 3476 404 3540 studiorum
438 3496 579 3540 meorum
610 3476 725 3541 fautori
755 3475 1004 3557 humanissimo,
1037 3476 1123 3558 quod
1152 3476 1195 3540 ad

61 3578 233 3644 lludociam
257 3600 310 3644 me
333 3578 478 3660 adduxit,
512 3579 653 3645 maxime
677 3600 728 3645 me
751 3600 823 3644 esse
847 3580 1023 3663 obligatum
1046 3580 1196 3645 confiteor

60 3682 245 3764 gratiasque
269 3682 300 3748 ei
322 3703 383 3766 ago
406 3683 636 3766 amplissimas.

529 3893 729 3902 ——n-

146 4044 308 4109 Eudociae
330 4043 455 4109 violarii
479 4043 605 4110 codices
633 4065 730 4109 manu
753 4045 862 4129 scripti
885 4049 995 4109 extant
1018 4043 1081 4109 duo
1103 4045 1193 4108 Pari-

60 4148 117 4212 siis
140 4147 172 4211 in
195 4147 389 4214 bibliotheca
410 4148 552 4213 maxima
579 4148 663 4231 (bibl.
685 4148 874 4232 rmtiortalo);
901 4169 1034 4230 quorum
1058 4149 1192 4213 alterum

60 4254 189 4317 sacculo
214 4252 312 4315 Xl⁷l¹⁰
339 4253 490 4336 scriptum
514 4272 586 4317 esse
617 4259 649 4317 et
671 4253 799 4317 chartae
829 4272 932 4335 genus
960 4260 991 4316 et
1014 4253 1192 4318 litterarum

953 4374 964 4423 1
972 4376 988 4406 ἦ

559 4496 829 4602 152336
