2910 4882
167 296 205 355 12
601 331 643 339 -
691 293 774 374 [aar]
822 330 864 339 -

165 563 167 566 Ι
250 485 308 547 lll.
358 485 478 550 Fontes
501 484 535 548 in
558 483 635 548 solis
653 481 728 547 vitis
743 482 905 566 usurpati:
934 481 1053 546 Suidae
1069 481 1168 546 editio
1183 480 1306 546 Aldina

167 592 247 651 1514
271 594 304 653 et
325 587 480 670 Diogenis
505 585 623 652 Laertii
646 584 743 651 editio
766 584 913 670 princeps
933 584 1136 650 Frobeniana
1152 606 1183 650 1.
1207 588 1300 648 1533.

164 691 364 774 Theophilus
387 690 616 755 Antiochenus.
663 689 845 755 Nemesius.

250 795 343 860 Hunc
364 794 498 860 fontium
522 799 726 878 conspectum
749 793 776 857 si
792 792 863 876 quis
879 812 949 857 oum
965 790 1141 856 Flachiano
1166 793 1207 877 (p.
1228 793 1296 876 Vll)

162 898 411 981 comparaverit,
444 897 549 962 lexica
579 896 646 962 fere
670 895 776 961 omnia
799 893 983 977 scholiaque
1006 896 1182 979 permulta,
1219 917 1300 978 quae

162 1001 281 1066 abillo
305 1007 607 1082 commemorantur,
634 999 785 1065 hocloco
808 997 986 1064 desiderari
1008 998 1186 1064 mirabitur.
1236 1000 1300 1065 Sed

162 1124 269 1170 eorum
292 1104 378 1169 vices
402 1103 490 1188 apud
511 1123 570 1169 nos
586 1103 784 1168 Phavorinus
807 1101 885 1184 agit.
926 1100 1017 1178 Quae
1040 1101 1125 1166 enim
1148 1109 1246 1168 antea
1261 1123 1300 1168 ex

162 1206 385 1292 Etymologico
400 1207 458 1289 M.²
484 1205 647 1292 Hesychio
670 1205 898 1287 Alexandrino,
925 1205 1187 1289 Harpocratione‚
1215 1207 1300 1271 Pho-

161 1311 215 1392 tio,
243 1331 261 1376 1
284 1310 414 1375 scholiis
430 1309 655 1393 Aristophanis
675 1316 706 1375 et
721 1308 862 1390 Homeri,
889 1329 907 1374 e
923 1310 1112 1374 Tzetzarum
1135 1309 1178 1373 ad
1193 1311 1298 1393 Lyco-

163 1414 319 1499 phronem
337 1413 584 1496 commentariis,
609 1412 683 1478 aliis
697 1413 778 1498 ipsis
793 1411 937 1477 Eudocia
951 1411 1099 1477 hausisse
1115 1411 1295 1496 videbatur,

161 1518 291 1600 aliaque
321 1518 480 1602 permulta
510 1537 592 1600 quae
622 1537 662 1582 ex
685 1515 846 1600 Apollonii
869 1514 986 1580 Rhodii
1013 1514 1141 1581 scholiis
1164 1516 1298 1583 Floren-

159 1621 246 1704 tinis,
273 1641 312 1687 ex
333 1620 555 1686 Eratosthenis
578 1619 816 1698 catasterismis,
843 1618 916 1684 aliis
938 1618 1126 1703 deprompta
1145 1618 1299 1686 diceban-

160 1731 210 1789 tur
233 1743 316 1805 1111,
343 1723 516 1789 Phavorini
538 1723 640 1808 copiis
662 1723 830 1805 debentur,
856 1723 903 1787 ita
925 1730 969 1803 ut,
996 1742 1089 1804 quem
1111 1721 1145 1786 in
1168 1723 1300 1806 biogra-

160 1826 266 1911 phiois
289 1829 392 1892 locum
417 1827 538 1892 obtinet
561 1826 689 1908 Suidas,
715 1845 821 1911 paene
844 1825 981 1892 eundem
1003 1827 1036 1891 in
1059 1824 1184 1908 reliqua
1207 1834 1300 1911 parte

159 1938 293 2016 occupet
315 1930 526 1997 Phavorinus.

501 2349 503 2355 ·
527 2286 687 2384 LIBER
717 2283 930 2384 PRIMUS.

596 2470 717 2561 CAPUT
740 2485 855 2560 PRlUS.

245 2675 262 2758 §
290 2680 317 2737 1.
362 2674 519 2752 Quoniam
543 2673 686 2755 singulos
708 2673 795 2739 locos
818 2693 1005 2739 enumerare
1028 2674 1160 2757 longum
1183 2682 1233 2740 est
1256 2716 1299 2724 -

159 2782 232 2842 sunt
255 2777 339 2842 enim
363 2776 614 2861 quadringentae
638 2779 688 2842 vel
708 2776 903 2861 quingentae
921 2777 1051 2860 glossae
1074 2778 1299 2861 glossarumve

157 2887 265 2965 partes
287 2919 329 2927 —
352 2880 559 2964 gravissimos
584 2880 785 2947 considerare
809 2881 888 2946 satis
912 2886 971 2947 est.
1012 2882 1054 2946 Ut
1077 2888 1185 2947 autem
1208 2883 1297 2949 idem

156 2984 223 3049 fere
256 2984 311 3067 qui
340 2984 427 3069 apud
456 2983 624 3048 Flachium
659 3003 852 3050 summorum
881 2984 1017 3050 fontium
1050 2984 1127 3050 ordo
1159 2986 1216 3069 sit,
1255 2989 1296 3053 ab

158 3086 465 3152 ETYMOLOGIOO
489 3086 640 3152 MAGNO
664 3086 834 3153 ordiamur.
876 3090 925 3153 Ex
948 3109 1011 3170 quo
1034 3108 1115 3170 quos
1137 3089 1237 3154 Flach
1262 3090 1296 3156 in

157 3190 290 3255 violario
315 3198 425 3256 entare
448 3188 597 3255 adfirmat
619 3189 705 3257 locos
728 3191 854 3258 circiter
879 3192 1108 3275 quadraginta,
1143 3212 1197 3258 eos
1228 3194 1298 3260 fere

158 3312 269 3358 omnes
299 3313 319 3357 a
341 3292 521 3358 Phavorino
548 3312 588 3356 ex
610 3293 749 3378 Etymol.
775 3296 819 3360 M.
845 3302 988 3380 sumptos
1006 3289 1147 3379 ¹indeque
1169 3297 1203 3360 in
1226 3297 1298 3364 vio-

157 3396 271 3460 larium
294 3397 467 3461 translatos
490 3414 563 3460 osse
585 3394 680 3462 facile
703 3397 912 3482 intellegitur.
961 3399 1047 3464 Solet
1076 3400 1161 3464 enim
1185 3400 1296 3467 Eudo-

156 3498 206 3564 cia
228 3499 340 3564 Varini
363 3499 489 3582 glossas
514 3499 629 3583 partim
653 3520 693 3564 ex
716 3501 871 3586 Etymol.,
898 3503 1014 3586 partim
1037 3523 1077 3567 ex
1100 3504 1173 3569 aliis
1196 3504 1295 3570 fonti-

154 3602 215 3668 bus
239 3608 383 3685 sumptas
399 3600 513 3667 eadem
537 3597 734 3683 singularum
758 3604 896 3689 partium
912 3605 1119 3690 dispositione
1141 3610 1295 3673 transcri-

153 3705 242 3770 bere.
289 3705 389 3770 Cuius
412 3705 459 3770 rei
489 3705 671 3790 exemplum
702 3707 820 3772 suflicit
843 3728 942 3773 unum
969 3729 1000 3792 p.
1029 3712 1068 3772 87
1101 3712 1180 3796 περὶ
1202 3710 1295 3776 Βάκ-

156 3832 230 3890 χου.
270 3810 387 3874 Fontes
410 3809 538 3890 glossae
562 3815 635 3873 sunt
649 3809 701 3873 hi:
731 3813 756 3895 1)
785 3809 978 3893 Βάκχον-
994 3810 1182 3895 κλαυθμὸν,
1211 3820 1295 3879 Φοί-

153 3935 254 3987 νικες.
301 3912 481 3977 Phavorino
511 3913 590 3977 haec
619 3912 728 3978 deberi
757 3914 797 3998 (p.
817 3917 889 3997 149)
917 3914 994 3980 inde
1023 3923 1173 4001 apparet,
1206 3919 1292 4000 quod

155 4015 234 4079 duos
250 4015 354 4081 fontes
383 4019 410 4098 1)
432 4015 539 4080 Schol.
558 4016 655 4081 Arist.
674 4018 754 4100 Equ.
772 4021 833 4082 106
856 4015 1002 4099 (Βάκχον
1015 4057 1057 4066 —-
1074 4017 1288 4104 ἐπέφαντο),

154 4119 185 4200 b)
212 4118 367 4204 Hesychii
390 4119 531 4202 glossam
560 4119 627 4203 (καὶ
642 4118 834 4201 Βάκχον-
852 4123 1018 4204 Φοίνικες)
1044 4123 1156 4187 eodem
1180 4125 1293 4191 ordine

154 4221 245 4309 apud
267 4222 358 4291 illum
383 4223 567 4293 coniunctos
583 4223 731 4311 legimus,
759 4225 939 4293 accuratius
954 4234 1061 4295 autem
1079 4227 1219 4297 scholion
1237 4228 1293 4300 ille

1054 4556 1140 4576 Α
