2910 4882
183 351 223 410 20
615 387 658 394 -
705 351 788 433 [332]
836 389 879 398 -

179 536 306 601 obviam
329 536 398 601 lieri
421 538 634 622 observasset,
660 539 694 603 in
716 560 787 604 eam
802 540 957 606 deduotus
982 547 1031 609 est
1053 542 1258 625 sententiam,
1283 550 1310 606 ut

178 641 218 704 ab
236 640 357 706 Ioanne
372 643 491 706 Tzetza
513 643 556 708 ad
579 643 780 708 emendanda
803 643 909 710 fratris
933 645 1038 709 lsaaei
1061 645 1185 710 soholia
1208 645 1310 710 Eudo-

179 744 249 808 oiae
272 744 388 810 librum
411 745 569 810 adscitum
586 765 657 812 esse
680 748 887 814 existimaret.
936 749 1054 814 Contra
1076 748 1178 813 Flaoh
1202 770 1235 833 p.
1257 753 1306 814 131

176 851 289 912 -140
312 847 358 912 ita
388 847 471 913 hano
500 850 721 932 quaestionem
751 851 907 936 explieat,
942 857 977 916 ul
998 850 1174 916 Eudooiam
1202 852 1309 918 eodem

176 957 318 1016 veterum
354 951 572 1035 Lycophronis
608 954 798 1019 scholiorum
833 955 913 1019 libro
947 954 1185 1037 corruptissimo
1224 975 1308 1020 usam

175 1074 247 1119 esse
270 1074 331 1136 quo
354 1057 490 1120 Tzetuas
513 1055 627 1121 fratres
658 1064 787 1137 statuat,
820 1059 1049 1141 ingentemque
1071 1058 1223 1123 vitiorum
1247 1059 1309 1125 foe·

175 1157 377 1223 dissimorum
411 1159 575 1225 Eudooiae
609 1180 680 1225 oum
714 1160 806 1226 oodd.
842 1162 919 1226 Vitt.
946 1165 964 1224 2
988 1165 1061 1228 et3
1096 1163 1307 1228 communium

173 1261 289 1326 molem
312 1262 474 1327 aTzetzis
496 1263 578 1346 ipsis
601 1264 828 1330 esoholiorum
851 1265 932 1330 libro
955 1265 1112 1349 patienter
1134 1267 1307 1350 exeriptam

174 1381 244 1429 esse
268 1362 330 1428 sibi
352 1365 524 1448 persuasit.
571 1365 664 1443 Quod
687 1367 714 1431 si
736 1368 807 1450 quis
824 1367 955 1432 Flaohio
978 1368 1098 1449 eredat,
1125 1369 1156 1433 ei
1172 1371 1306 1434 Tuetzae

170 1466 249 1551 ipsis
261 1469 388 1533 Tzetzis
399 1469 572 1554 ineptiores
585 1469 686 1536 fuisse
698 1471 832 1553 putandi
844 1471 918 1537 sint.
948 1472 999 1536 An
1010 1493 1068 1556 pro
1079 1473 1229 1538 versibus
1241 1473 1301 1539 his:

278 1606 420 1691 Παιόνῴ
442 1600 474 1669 δ’
494 1601 621 1690 οὔνομα
645 1613 729 1695 θῆκε
753 1614 937 1695 Πνρίσοον,
965 1603 1038 1673 ἀλλ’
1056 1607 1194 1697 Ἀχιλῆα

340 1705 475 1796 Πηλεὺς
499 1711 653 1796 κίκλησκε
676 1713 804 1791 χείλεος
827 1708 939 1778 εἵνεκά
962 1736 1031 1795 μιν.

278 1817 443 1895 Κείμενον
465 1811 529 1879 εἰνὶ
551 1811 643 1879 κόνει
666 1815 790 1901 σποδιῇ
814 1814 871 1880 ἐπὶ
894 1822 962 1900 πάρ
987 1810 1163 1903 άπάμερσε

340 1919 482 1992 Χείλεος
506 1917 694 1999 αἰθομένου
718 1913 928 2006 ἀπροφάτως
951 1918 1077 2006 ἑτέρον.

167 2055 208 2119 ab
238 2055 366 2120 homine
389 2056 582 2122 Graeoarum
610 2056 787 2123 litterarum
817 2059 919 2143 perito
949 2079 1053 2143 neque
1079 2060 1176 2144 plane
1201 2059 1304 2126 Grae-

166 2179 272 2223 oorum
295 2180 444 2225 versuum
473 2160 715 2244 pangendorum
745 2161 857 2244 ignaro
889 2162 983 2227 soribi
1010 2169 1182 2248 potuemnt
1204 2166 1305 2230 verba

165 2261 245 2328 haee
277 2282 374 2329 sensu
406 2263 503 2348 plane
536 2264 678 2328 carentia
706 2263 755 2344 (of.
782 2264 864 2329 llud.
891 2287 922 2349 p.
942 2268 1032 2349 225):
1072 2265 1199 2330 παῖδα·
1239 2275 1305 2352 γνῶ

165 2358 337 2447 ὄόίίνομα
361 2371 445 2452 θῆκε
469 2365 649 2451 παρίόοον·
685 2361 770 2431 ἀλλὰ
792 2364 945 2448 Ἀχιλλέα
968 2366 1102 2455 Πηλεὺς
1130 2371 1299 2456 κέκληκεν,

165 2465 274 2549 ἕχίλος
297 2467 409 2534 εἵνεκά
431 2494 489 2551 μιν
512 2474 666 2552 κείμενον
689 2468 739 2536 ἑνὶ
762 2475 856 2555 κονίη
880 2471 1014 2557 σποδιῇ,
1050 2471 1100 2538 ἐνὶ
1123 2480 1191 2558 πῦρ
1216 2471 1303 2540 άπέ-

162 2595 263 2657 μερσε
284 2575 405 2656 χίλεος,
434 2567 491 2637 ἅτε
514 2577 591 2655 βίον
615 2567 846 2660 άπροσφάτως
871 2573 1007 2661 ἑτέροαί
1053 2578 1143 2655 Haeo
1172 2597 1301 2644 eorum-

163 2696 224 2757 que
248 2677 367 2742 similia
389 2677 477 2743 stulti
501 2684 534 2742 et
554 2677 674 2743 indooti
702 2678 824 2743 librarii
848 2699 982 2763 peecare
1013 2685 1202 2765 potuerunt,
1238 2703 1300 2748 non

161 2786 332 2863 potuerunt
354 2783 493 2846 Tzetzae
517 2780 642 2864 fratres5
677 2801 756 2865 quos
785 2783 817 2845 in
842 2782 955 2848 litteris
979 2782 1113 2850 Graeois
1142 2805 1206 2849 non
1230 2807 1300 2852 me-

161 2883 308 2950 diocriter·
330 2892 473 2950 versatos
497 2903 569 2950 esse
592 2891 726 2950 eonstat.

247 3006 445 3089 Improbavit
459 3006 584 3072 Flaohii
608 3006 798 3071 sententiam
820 3008 1003 3091 nuperrime
1023 3008 1141 3074 Soheer
1162 3010 1196 3074 in
1210 3011 1296 3078 Mus.

158 3107 260 3172 Rhen.
288 3109 432 3174 XXXIV
454 3131 487 3193 p.
514 3111 575 3172 473
604 3110 710 3175 adnot.
741 3114 774 3189 1,
806 3110 860 3192 qui
884 3131 940 3175 our
960 3111 1032 3195 ipse
1054 3114 1205 3178 Tuetzam
1230 3115 1298 3180 Eu-

159 3210 250 3276 dooia
272 3233 365 3277 usum
382 3232 453 3278 esse
477 3211 596 3295 eredat,
622 3233 685 3278 non
707 3232 871 3296 assequor.
919 3213 1080 3297 Quotquot
1102 3217 1186 3280 enim
1209 3218 1298 3284 looos

158 3336 189 3399 p.
220 3318 279 3379 129
303 3336 350 3399 sq.
382 3316 482 3381 Flaoh
518 3323 683 3382 enumerat
716 3317 860 3400 aliosque
894 3338 956 3382 non
989 3339 1108 3402 paucos
1138 3342 1155 3385 e
1186 3321 1297 3389 oodioe

157 3419 295 3483 Tzetzae
319 3419 488 3484 deterrimo
512 3419 672 3501 similique
695 3420 1018 3503 Vittembergensium
1044 3422 1172 3487 illorum
1196 3424 1298 3491 habet

156 3522 364 3598 Phavorinus‚
392 3523 604 3587 ePhavorino
620 3522 774 3588 lludooia.
814 3525 973 3609 Exempla
994 3526 1152 3609 proferam
1175 3549 1292 3612 pauca.

241 3645 277 3708 P.
297 3646 336 3706 43
361 3643 441 3729 περὶ
463 3640 678 3719 Ἀντικλείας.
726 3645 877 3710 Tuetzam
900 3645 933 3710 in
955 3647 1034 3730 Lye.
1056 3649 1117 3711 786
1141 3647 1296 3716 deseribit

155 3746 357 3812 Phavorinus
379 3769 412 3832 p.
432 3751 505 3831 207,
532 3747 745 3814 Phavorinum
768 3748 925 3814 Eudooia:
953 3744 1097 3825 ίίσαντος
1121 3750 1210 3817 πολὺ
1232 3761 1295 3820 τοῦ

154 3848 238 3927 Διός
261 3853 382 3933 Treta,
415 3845 559 3928 άσαντος
582 3853 724 3916 πολίτου
747 3850 837 3928 τινος
860 3853 961 3917 Phav.
986 3853 1068 3918 Eud.
1115 3854 1205 3920 Nihil
1228 3857 1293 3940 igi-

153 3961 204 4018 tur
227 3961 277 4020 est
298 3955 502 4021 tribuendum
525 3956 576 4037 iis,
611 3976 693 4037 quae
717 3954 757 4021 de
781 3956 867 4022 fonte
890 3957 1050 4022 Eustathii
1074 3964 1106 4023 et
1127 3959 1292 4027 Eudooiae

153 4064 185 4123 et
207 4058 247 4122 de
271 4059 385 4124 litteris
407 4058 588 4150 uncialibus
610 4058 709 4124 Flaoh
734 4082 766 4144 p.
789 4063 848 4122 112
871 4061 1063 4143 pronuntiat.

172 4179 174 4182 ⁴
238 4163 273 4226 P.
297 4166 356 4227 103
380 4163 460 4249 περὶ
476 4169 533 4249 της
549 4159 697 4250 Δανάης,
739 4163 830 4227 Duae
845 4161 1017 4228 Phavorini
1033 4165 1170 4248 glossae,
1199 4188 1230 4250 p.
1247 4173 1290 4234 98

152 4261 318 4351 Ἀκρίσιος
346 4265 461 4350 (Schol.
481 4267 544 4349 Ap.
565 4266 625 4329 Rh.
644 4266 689 4330 IV
711 4266 801 4350 1091)
830 4271 862 4330 et
884 4287 915 4350 p.
940 4270 1000 4329 149
1024 4264 1143 4353 Δανάη
1166 4269 1285 4351 (Tuetz.
