2910 4882
521 363 565 373 -
612 327 695 409 [aar]
742 363 787 373 --
1178 331 1219 390 aa

84 516 144 579 καὶ
167 511 276 590 ἄλλως
292 513 397 579 πάλιν
412 509 430 600 ἡ
449 509 630 601 ἀλληγορία
646 553 687 560 -
704 537 734 599 p.
755 518 815 579 407
834 515 1038 594 αἰκίζεσθαι.
1079 519 1217 584 Tnebrae

84 621 156 684 loco
178 620 392 684 aPhavorino
415 620 556 704 excripto
581 619 736 684 debentur
757 621 856 685 verba
879 620 991 686 toreca
1005 621 1041 685 δὲ
1057 661 1098 668 —
1115 621 1217 688 noad-

83 748 185 805 ματα,
213 744 316 808 neque
339 724 507 807 quicquam
530 723 576 789 ibi
592 723 735 788 Eudocia
754 724 904 808 continet,
931 726 1006 808 quin
1030 726 1217 792 insontibus

83 829 227 910 legatur,
269 849 461 911 quamquam
495 829 704 893 membrorum
739 828 880 893 ordinem
914 829 1030 894 mirum
1062 836 1216 913 quantum

84 932 208 1012 tnrbat3
246 933 345 997 verba
367 932 424 995 καὶ
447 938 552 996 ταῦτα
575 930 638 1013 μὲν
659 929 701 994 τὰ
723 929 872 1014 posted,
905 938 940 997 ut
970 951 1066 1016 snpra
1094 933 1134 1017 (p.
1161 937 1210 1017 24)
1305 947 1306 950 ’

83 1036 202 1116 monui,
229 1035 347 1100 adiecit
369 1035 530 1100 falsarius.
939 1104 944 1111 .

170 1139 207 1202 P.
233 1143 293 1203 407
319 1135 406 1224 πρὸς
429 1136 560 1213 τούτοις
583 1138 619 1203 δὲ
641 1140 739 1204 verba
761 1158 862 1222 usque
885 1138 1044 1204 adfinem
1067 1161 1085 1205 e
1108 1141 1212 1207 Schol.

83 1240 190 1324 Apoll.
209 1240 270 1305 Rh.
288 1241 389 1307 Paris.
409 1241 440 1305 II
459 1245 540 1306 1210
563 1242 724 1326 descripta
747 1251 834 1308 sunt:
863 1249 1084 1329 αεριριφῆναι
1107 1243 1212 1309 Schol.

83 1343 189 1427 Apoll.
216 1344 365 1410 Laurent.
391 1351 424 1411 ct
444 1345 542 1428 Flor.‚
570 1353 771 1433 αεριρνῆναι
793 1346 899 1412 Schol.
918 1347 1018 1412 Paris.
1046 1353 1077 1412 ct
1092 1349 1212 1414 Eudoc.

171 1552 339 1616 Lemmata
362 1551 500 1634 denique
523 1552 563 1616 ab
580 1553 722 1618 Eudocia
743 1555 864 1638 passim
888 1561 1014 1619 servata
1037 1575 1092 1619 cur
1114 1557 1174 1620 nisi
1198 1578 1216 1622 e

83 1654 214 1720 scholiis
242 1654 276 1719 in
306 1655 450 1737 margine
473 1656 609 1720 alicuius
628 1656 844 1740 Lycophronis
868 1657 987 1722 codicis
1011 1659 1136 1742 scriptis
1160 1660 1217 1724 de-

87 1759 190 1844 promi
212 1780 275 1825 non
297 1760 439 1844 potuisse
455 1759 553 1825 Flach
570 1759 740 1842 existimet,
765 1783 829 1826 non
844 1781 1006 1863 assequor.
1044 1763 1203 1828 ETaetza

82 1884 153 1929 rum
183 1864 268 1929 enim
290 1864 527 1931 commentariis
549 1885 589 1930 ea
611 1865 707 1931 habet
729 1865 926 1933 Phavorinus
950 1871 982 1933 et
1004 1868 1045 1933 ab
1068 1867 1128 1933 hoc
1150 1870 1216 1934 Eu-

83 1968 187 2033 docia.

168 2072 259 2137 Mitto
288 2092 371 2154 quae
393 2092 426 2155 p.
452 2075 509 2135 137
541 2072 581 2136 de
605 2073 741 2138 Scholiis
763 2073 996 2159 Lycophronis,
1031 2075 1071 2141 de
1103 2076 1215 2142 litteris

83 2175 281 2258 uncialibus,
316 2174 357 2239 de
386 2175 685 2260 interpolationibus
711 2175 810 2242 Flacb
841 2178 987 2262 exponit;
1021 2180 1100 2244 satis
1130 2181 1214 2245 enim

82 2279 162 2343 mihi
183 2279 293 2344 videor
314 2279 467 2362 probasse
489 2300 592 2362 neque
616 2280 751 2346 eundem
776 2302 845 2345 cum
868 2282 994 2346 Γ11111111
1017 2283 1135 2349 fontem
1158 2305 1216 2349 ne-

82 2402 143 2465 que
172 2382 259 2467 ipsos
288 2403 394 2447 eorum
425 2383 666 2449 commentarios
695 2385 736 2449 ab
759 2384 901 2450 Eudocia
931 2393 1100 2470 usurpatos
1127 2406 1209 2467 esse,

81 2485 140 2551 sed
162 2486 288 2551 lexicon
309 2485 492 2552 Phavorini.

167 2693 185 2776 ξ
211 2697 261 2756 10.
309 2693 408 2759 Venio
437 2694 479 2759 ad
509 2692 692 2759 SCHOLIA
713 2695 1043 2778 ARISTOPHANIS,
1079 2717 1211 2778 quorum

79 2816 288 2881 permagnum
311 2817 476 2861 numerum
499 2797 533 2861 in
555 2797 687 2862 violario
710 2798 810 2863 latere
834 2799 953 2864 dudum
973 2800 1133 2882 cognitum
1149 2807 1208 2865 est.

80 2899 222 2982 Collegit
237 2900 321 2964 locos
338 2899 437 2963 Flaoh
453 2920 485 2983 p.
504 2904 563 2965 119
577 2919 638 2983 sq„
664 2922 773 2966 verum
796 2922 900 2984 neque
923 2922 1031 2967 omnes
1047 2910 1213 2968 enumerat

79 3009 112 3067 et
135 3002 213 3068 satis
236 3004 353 3067 multos
376 3003 532 3068 immerito
555 3004 629 3069 huic
652 3004 731 3069 fonti
754 3005 910 3085 vindicat;
937 3006 1025 3070 velut
1048 3007 1080 3069 in
1103 3007 1212 3088 glossa

78 3128 110 3192 p.
130 3109 170 3169 30
188 3106 267 3192 περὶ
282 3100 392 3181 Ἄϊδος
407 3110 525 3193 κυνέης
540 3107 621 3173 nihil
638 3129 655 3173 e
671 3107 776 3172 Schol.
796 3108 893 3173 Arist.
912 3109 992 3174 Ach.
1012 3112 1072 3172 365
1092 3110 1212 3193 repeti-

77 3217 144 3274 tum
161 3216 220 3291 est,
240 3209 298 3274 sed
313 3214 380 3274 tota
394 3210 573 3275 Phavorino
589 3210 722 3277 debetur
737 3212 913 3295 composita
927 3214 967 3277 ab
984 3232 1021 3277 eo
1037 3233 1054 3276 e
1071 3212 1211 3278 fontibus

77 3313 144 3376 bis:
176 3315 202 3395 1)
230 3307 500 3378 Initium-dab
517 3307 631 3400 Ἄρεος
654 3316 760 3398 Etym.
779 3315 821 3377 M.
841 3319 892 3396 12,
915 3319 963 3379 13.
998 3317 1010 3399 ll
1041 3317 1069 3397 2)
1093 3311 1210 3379 -ἇλ-

78 3412 192 3501 liltore
214 3416 356 3500 Hesych.
390 3418 402 3501 ΙΙ
434 3419 462 3496 3)
490 3418 546 3481 καὶ
570 3410 663 3493 dabor
686 3416 733 3494 εἰς
758 3412 841 3502 ᾅδου
862 3416 1004 3501 Hesych.
1038 3419 1050 3503 [Ι
1085 3423 1114 3503 4)
1142 3421 1212 3485 cxi-

79 3525 132 3583 tus
154 3540 217 3584 non
239 3539 257 3584 e
281 3520 388 3587 Schol.
413 3521 510 3586 Arist.
537 3520 635 3585 sede
658 3520 759 3586 Suida
780 3521 909 3606 petitur.
955 3521 1070 3604 Neque
1093 3544 1125 3606 p.
1151 3527 1210 3588 103

77 3629 174 3706 caput
203 3624 283 3709 περὶ
310 3630 368 3711 τῆς
397 3623 568 3706 δαιμόνων
596 3625 742 3707 λιχνείας
772 3645 790 3689 e
817 3625 925 3690 Schol.
950 3625 1004 3690 Ar.
1031 3626 1104 3690 Pac.
1135 3630 1205 3709 192,

77 3726 137 3790 sed
159 3745 176 3790 e
198 3727 311 3792 Nonno
334 3727 376 3810 Il,
406 3730 443 3791 19
467 3727 509 3792 ad
531 3729 663 3794 verbum
686 3729 909 3813 transcriptum
934 3735 991 3794 est.

163 3830 239 3912 Ipsa
261 3837 368 3896 autem
383 3831 606 3914 Aristophanis
623 3831 742 3896 scholia
758 3831 902 3896 Endocia
918 3852 980 3896 non
997 3832 1125 3915 evolvit,
1152 3833 1211 3898 sed

78 3932 200 4015 omnia,
235 3953 318 4015 qnae
347 3933 421 3998 inde
453 3933 548 3998 ducta
575 3953 647 3999 esse
678 3935 710 3998 in
740 3935 907 3999 violarium
930 3935 1206 4019 existimabantur,

79 4035 252 4102 Phavorini
268 4037 369 4121 copiis
385 4035 584 4102 inexhaustis
600 4036 767 4103 debentur.
798 4038 834 4102 P.
852 4043 890 4101 16
906 4039 985 4122 περὶ
1000 4032 1211 4126 τῶνΆσκλη-

81 4144 163 4203 ναοῦ
179 4139 322 4220 παίδων,
342 4140 531 4205 adverbum
548 4160 618 4205 cum
635 4141 814 4206 Phavorino
830 4141 908 4206 facit
923 4142 1075 4224 Eudoeia,
1098 4164 1211 4225 quam-

77 4261 174 4328 quam
192 4242 269 4308 satis
286 4243 415 4329 egregie
430 4242 488 4310 illc
503 4242 624 4309 alonte
646 4243 759 4326 (Schol.
779 4245 834 4311 Ar.
853 4245 934 4313 Plut.
953 4247 1024 4330 701)
1045 4246 1177 4312 recedit.
1201 4245 1211 4333 11
