2910 4882
516 339 558 346 -
605 302 690 383 [335]
738 340 780 346 -
1175 303 1215 365 23

81 493 173 557 doeia
189 491 286 557 debet
306 491 430 555 initium
454 511 556 573 usque
580 491 623 556 ad
646 484 840 572 όμοιωθείς,
867 490 992 573 reliqua
1007 491 1114 555 alteri:
1144 496 1216 554 Ko-

81 596 207 678 οταλίηι
222 633 265 643 -
282 591 424 675 ἒχοάοοις
441 594 606 680 δελφῖνος.
646 588 844 680 Ἡλιόδορος
860 593 959 657 Phav.
980 593 1076 674 Euo,
1100 587 1217 658 Ἡλιό-

82 699 190 782 δωρος
213 700 263 764 vel
287 699 392 783 potius
414 695 671 784 Άτιολλόδωρος
694 697 745 781 (of.
764 697 912 762 Muellen'
934 696 1008 761 adn.
1035 698 1077 762 ad
1098 699 1211 780 locum]

80 804 187 867 Tzetn.
228 802 240 886 ll
277 795 346 867 ὑπὸ
378 799 507 886 δειράδι
536 806 786 888 Παρνησοῖο
817 804 946 882 Treta,
983 794 1052 865 ὑπὸ
1087 798 1216 887 δειράδι

81 906 182 971 Phav.
208 905 290 970 Eud.
325 905 337 990 ΙΙ
367 912 433 972 τῶν
454 902 572 971 τάττων
594 907 643 971 nt.
669 907 726 987 M.‚
756 902 816 971 τὸν
837 901 946 970 νότιον
967 904 1067 969 Phav.
1093 905 1176 970 Eud.
1286 929 1287 932 ’

168 1038 196 1119 3)
224 1037 260 1100 P.
288 1039 350 1101 210
378 1030 395 1100 ό
419 1034 618 1123 Λυκόφρων
641 1039 762 1123 φησίν
788 1056 806 1101 e
828 1038 965 1101 Tzetzae
989 1035 1097 1100 oodiee
1119 1035 1217 1101 habet

79 1139 181 1203 Phav.
207 1160 239 1222 p.
266 1141 344 1221 868,
380 1160 421 1204 ex
449 1139 510 1204 hoo
532 1138 685 1205 Eudoeia.
733 1140 853 1203 Extant
874 1138 959 1203 enim
981 1139 1039 1203 illa
1060 1139 1160 1204 verba
1181 1140 1216 1204 in

79 1243 271 1326 quibusdam
301 1246 438 1309 Tzetnae
468 1244 558 1308 libris
592 1243 642 1325 (of.
675 1243 822 1309 Muelleri
856 1241 964 1310 adnot.
998 1243 1139 1308 oritioam
1173 1243 1215 1308 ad

78 1347 186 1412 Τωιτ.
211 1347 287 1430 nye.
308 1347 374 1430 oo).

167 1481 196 1556 4]
224 1477 259 1540 Ρ.
280 1480 338 1539 241
374 1469 428 1540 ότε
461 1470 530 1540 άττό
563 1482 620 1562 της
643 1471 800 1551 Ἑλλάδος
831 1470 1011 1551 ἀπόπλους
1032 1514 1076 1522 -
1098 1474 1215 1541 ἐπιδο-

80 1585 200 1666 θείσης
229 1584 393 1667 τυθηναι·
424 1600 486 1645 non
510 1600 528 1644 e
551 1579 649 1644 sohol.
676 1580 836 1664 Lycophr.
865 1581 935 1660 183,
970 1579 1028 1644 sed
1056 1600 1074 1645 e
1100 1580 1214 1645 Nonne

79 1684 122 1749 ad
145 1683 242 1766 Greg.
268 1683 348 1747 Nan.
375 1704 420 1748 or.
446 1683 514 1747 fun.
540 1681 652 1748 Basilii
675 1683 718 1746 M.
754 1683 804 1762 (of.
831 1682 980 1747 Creuzeri
1009 1683 1215 1747 meletemata

78 1809 112 1870 p.
133 1789 182 1869 to)
210 1786 309 1850 habet
329 1785 472 1850 Endooia
502 1785 609 1850 omnia
637 1785 713 1850 inde
738 1785 778 1850 ab
810 1780 864 1850 ὅτε
888 1779 957 1849 άττὸ
982 1793 1039 1872 τῆς
1059 1779 1215 1862 Ἑλλάδος

78 1928 122 1938 -
145 1888 276 1954 ἐ’θυσαν
299 1888 331 1953 οἱ
346 1883 513 1976 Ἕλληνες.
560 1891 642 1954 Tum
666 1887 824 1964 ἔθνος-
845 1895 972 1974 Ταυροι
994 1896 1026 1955 et
1049 1882 1131 1975 αάτη
1156 1878 1216 1956 οὖν

82 1987 220 2080 η’[φιγ.
246 2031 288 2040 -
312 1992 372 2081 τὴν
390 1987 532 2057 ίΕλλάδα
556 2013 574 2058 e
596 1992 735 2058 Nonn.l
758 1997 788 2056 7.

167 2125 195 2207 5)
223 2123 258 2186 P.
287 2124 348 2185 298
380 2121 459 2207 περὶ
481 2118 644 2207 Μύρρας·
680 2115 766 2186 οὕτω
798 2121 834 2184 δὲ
856 2118 1104 2209 Ἀριστοφάνης
1133 2128 1216 2187 ιταλ-

81 2226 149 2306 ζων
172 2227 260 2310 λέγει
281 2226 380 2291 verba
402 2225 477 2289 huie
499 2225 567 2290 loeo
589 2225 718 2290 minime
741 2231 817 2309 apta
836 2225 945 2290 neseio
968 2246 1031 2307 qua
1055 2226 1094 2291 de
1118 2246 1216 2292 eausa

78 2351 97 2396 e
120 2329 293 2393 Phavorini
314 2330 425 2411 glossa
447 2334 607 2410 μυττωτοῦ
629 2329 726 2412 paulo
755 2328 839 2392 infra
867 2327 973 2412 posita
1001 2328 1215 2413 impudentis-

78 2433 179 2498 simus
202 2432 353 2497 falsarius
375 2431 493 2496 intulit.

166 2565 196 2646 6)
223 2563 259 2626 P.
279 2563 341 2624 322
366 2561 445 2646 ττερὶ
468 2568 526 2647 τῆς
541 2558 734 2637 Παλλάδος,
774 2562 889 2627 Totam
908 2563 1050 2646 glossam
1069 2583 1087 2627 e
1103 2564 1212 2627 Tnetz.

79 2669 158 2750 Lye.
174 2669 235 2729 355
252 2665 449 2749 deprompsit
459 2664 656 2737 Phanorinus
668 2686 701 2749 p.
720 2668 811 2748 1417,
831 2665 1040 2731 ePhavorino
1052 2666 1211 2731 Eudooia:

80 2768 270 2856 Σιμωνίδης
294 2762 310 2832 ὁ
335 2765 551 2852 γενεαλόγος,
578 2770 644 2832 καὶ
669 2762 1009 2845 δἈττολλιόνιος·
1040 2764 1216 2857 ὑψηλῶν

79 2869 212 2958 όρέων
235 2870 424 2959 Πηλιάδες
453 2879 641 2959 κορυφῇσιν
671 2870 844 2955 ἐθάμβεον
865 2874 995 2956 Treta,
1027 2873 1216 2960 Σιμωνίδης

79 2972 97 3046 ά
129 2974 327 3061 γενεαλόγος
360 2973 559 3062 Πηλιάδης
594 2973 768 3058 ἐθάμβεον
795 2977 897 3041 Phav.
930 2977 1013 3042 Eud.
1067 2979 1215 3043 Ceterum

78 3085 225 3165 χείρεσιν
255 3078 512 3166 ἒπικραδέοντες
542 3077 689 3163 ἐρετάων
711 3088 746 3145 ut
768 3079 855 3164 apud
877 3079 1090 3145 Phavorinum
1113 3081 1160 3146 ita
1181 3082 1215 3146 in

80 3184 191 3250 codiee
214 3183 376 3249 Eudooiae
398 3183 512 3248 vitiose
536 3190 701 3248 exaratum
724 3191 783 3248 est.
832 3180 891 3248 τὸν
913 3181 1022 3248 τότιον
1049 3184 1217 3271 κληθῆναί

80 3309 198 3373 φασιν.
217 3280 352 3372 (Έτερος
375 3285 412 3350 δέ
441 3310 490 3362 τις
516 3284 683 3373 ἱστορικὸς
707 3280 794 3351 οάτιο
818 3287 906 3370 λέγει
928 3287 1097 3374 κληθῆναι
1118 3289 1217 3353 verba

79 3413 100 3456 a
123 3390 302 3455 Phavorino
325 3390 454 3471 omissa,
481 3389 595 3455 eadem
619 3390 788 3455 aviolario
811 3392 937 3456 absunt.
983 3391 1216 3457 Luculentissi-

80 3516 164 3560 mum
190 3494 328 3577 denique
351 3493 474 3558 falsarii
498 3494 668 3576 vestigium
698 3495 829 3577 glossae
856 3495 889 3559 in
912 3495 975 3560 fine
1002 3495 1217 3580 deprehendi-

78 3606 130 3665 tur
144 3599 221 3663 hoo:
249 3597 344 3681 Apud
360 3597 574 3662 Phavorinum
591 3618 662 3663 oum
685 3597 806 3663 soholio
829 3601 936 3664 Tnetn.
957 3599 1034 3682 Lyo.
1055 3603 1116 3664 355
1141 3620 1217 3664 oon-

78 3701 220 3765 iunetum
249 3706 339 3765 extat
367 3700 526 3783 integrum
557 3701 700 3766 eiusdem
731 3702 873 3767 scholion
903 3702 945 3767 ad
968 3703 1045 3786 Lye.
1071 3706 1133 3766 356
1156 3703 1211 3785 ita,

78 3811 114 3870 ut
133 3805 319 3889 posterioris
343 3804 456 3869 solrolii
479 3805 596 3870 lemma
618 3811 676 3891 τῆς
691 3803 909 3892 μιοονόμφου
930 3807 1020 3871 nulla
1034 3807 1216 3872 intermissa

77 3907 333 3991 interpunctione
365 3914 436 3991 post
466 3907 514 3982 εἰς
545 3905 605 3995 την
621 3903 724 3973 Ἴλιον
753 3915 915 3991 sequatur.
963 3909 1050 3987 Quas
1077 3910 1216 3995 ineptias

79 4031 151 4076 eum
186 4018 291 4076 servet
321 4011 481 4094 Bodotria,
519 4011 559 4076 de
588 4011 765 4078 Phavorino
799 4012 894 4078 huius
929 4016 1058 4096 quoque
1087 4014 1217 4096 glossae

78 4113 168 4178 fonte
184 4113 323 4179 dubitari
346 4114 467 4196 nequit.
516 4115 627 4198 Neque
651 4116 716 4181 ullo
739 4117 833 4181 modo
855 4138 873 4181 e
895 4117 1015 4181 soholio
1032 4117 1217 4202 Lycophro-

78 4217 129 4282 nis
152 4218 295 4303 pleniore
319 4238 359 4285 ea
382 4217 568 4303 depromere
591 4219 703 4304 potuit,
737 4240 820 4303 quae
843 4241 862 4285 a
885 4222 1002 4310 Tnetna
1033 4229 1064 4286 et
1088 4243 1108 4285 a
1131 4222 1213 4288 Pha-
