2910 4882
160 295 199 356 ιο
593 331 635 340 .-
683 295 765 374 [aar]
813 331 855 338 -
934 335 943 366 ι

98 563 101 568 ι
157 504 239 564 μον·
275 476 478 567 ἀμφοτέρων
505 486 671 569 μέμνηται
696 480 904 564 Θεόπομπος
934 481 970 548 έν
997 489 1041 566 τῇ
1066 479 1113 546 ια’
1140 489 1210 549 τῶν
1235 488 1296 546 Φι-

157 588 338 651 λιππικῶν.

243 688 442 755 Phavorinus
465 691 540 756 Bas.
565 711 598 774 p.
619 692 697 754 133:
725 686 921 772 Ἀμάδοκος,
951 683 1142 776 Ἰσοκράτης
1166 690 1295 754 Φιλιπ-

123 866 126 877 ,
159 799 265 878 πικηῖι·
295 789 355 858 δύο
379 790 556 878 γεγόνασιν
579 783 682 876 οὗτοι,
709 789 820 879 πατὴρ
844 793 901 857 καὶ
921 789 1005 869 νὶός.
1033 789 1070 868 ὃς
1092 793 1150 856 καὶ
1166 793 1295 856 Φιλίπ-

159 920 214 981 πφ
245 894 483 984 συμμαχήσειεν,
521 885 628 985 ἦλθεν
656 895 718 972 εἰς
741 894 814 962 τὸν
846 897 1191 982 κερσοβλέπτειν
1227 894 1296 980 (τὸν

157 1002 409 1088 κερσοβλέπτην
431 1000 482 1067 ed.
508 1002 711 1085 Rom.1523]
739 998 903 1083 πόλεμον.
941 994 1145 1087 ἀμφοτέρων
1165 1005 1295 1088 μέμνη-

158 1129 214 1170 ται
239 1101 456 1188 Θεόπομπος,
485 1103 529 1170 ἒν
550 1100 694 1191 πρώτφ
718 1111 783 1170 τιῖιν
807 1105 1034 1170 Φιλιππικῶν.

244 1208 388 1274 Eudooia
409 1216 440 1294 p.
462 1212 517 1273 37:
547 1205 775 1292 Άμάόοκοι,
803 1203 862 1274 ooo
885 1204 1075 1293 γεγόνασιν,
1100 1205 1214 1294 πατὴρ
1239 1209 1295 1273 καὶ

156 1307 246 1392 υἱὸς,
280 1305 323 1387 ὡς
342 1306 534 1400 Ἰσοκράτης
558 1313 773 1397 Φιλιππικῴ.
811 1311 850 1377 οἱ
881 1312 937 1376 καὶ
964 1311 1129 1395 Φιλίππῳ
1159 1332 1293 1394 σνμμα-

157 1411 331 1502 χήσοντες,
364 1405 473 1503 ἦλθον
503 1414 560 1492 εἰς
590 1411 658 1481 τὸν
687 1419 993 1502 κερσόβλίπτειν
1022 1411 1186 1497 πόλεμον.
1230 1410 1293 1498 άμ-

158 1522 313 1605 φοτέρων
334 1523 501 1605 μέμνηται
526 1516 734 1602 Θεόπομπος
766 1517 802 1585 έν
824 1517 946 1605 πρώτῳ
970 1525 1036 1584 τῶν
1060 1519 1290 1585 Φιλιππικῶν.

243 1622 339 1688 Miror
368 1622 454 1705 quod
476 1624 595 1707 Flaoh,
628 1643 821 1707 quamquam
852 1622 994 1689 codicem
1024 1622 1186 1689 Eudooiae
1218 1635 1293 1690 oon*

156 1724 279 1809 tulit*)‚
313 1732 421 1793 tarnen
443 1727 465 1791 l.
492 1726 514 1790 l.
541 1747 574 1810 p.
596 1731 654 1791 105
685 1727 720 1791 in
741 1727 874 1792 violatio
896 1726 957 1791 hoo
979 1727 1048 1793 loeo
1071 1733 1181 1793 extare
1205 1727 1294 1792 affir-

155 1835 221 1894 mat
244 1827 304 1895 τὸν
332 1828 418 1894 κατὰ
441 1831 702 1917 Κερσοβλέπτου
732 1827 893 1913 πόλεμον,
929 1851 1000 1896 oum
1031 1828 1090 1897 τὸν
1112 1832 1294 1916 κερσοβλέ-

156 1956 254 2000 πτειν
276 1934 321 1999 ibi
342 1936 479 2018 legatur,
506 1940 667 2001 servatum
690 1935 773 2000 illud
795 1955 813 2000 e
835 1934 1014 2001 Basileensi
1028 1935 1200 2000 Phavorini
1224 1935 1293 2000 edi-

155 2038 241 2104 tione
271 2045 302 2104 et
332 2038 493 2123 edupliei
524 2059 692 2123 operarum
722 2038 837 2105 mendo
860 2044 973 2104 ortum.
1020 2040 1184 2104 Romanae
1208 2039 1293 2104 enim

156 2162 274 2226 operae
297 2140 385 2227 πρὸς
407 2143 643 2227 praepositione
666 2143 785 2209 omissa
815 2140 874 2209 τὸν
896 2144 1147 2229 κερσοβλέπτην
1174 2143 1294 2209 effeoe-

156 2252 244 2325 rant;
282 2266 300 2310 e
330 2267 392 2329 quo
421 2246 506 2328 quod
534 2246 739 2312 Basileenses
768 2247 911 2312 fecerunt
939 2243 999 2311 τὸν
1032 2246 1295 2331 κερσοβλέπτειν

156 2349 252 2433 paulo
275 2349 382 2433 etiam,
415 2349 443 2414 si
464 2349 535 2415 fieri
557 2356 679 2434 potest,
704 2350 864 2435 ineptius,
897 2349 933 2415 id
962 2369 1032 2414 oum
1056 2353 1163 2441 servet
1184 2349 1295 2416 Eudo-

155 2453 205 2519 oia
231 2474 313 2536 quae
343 2453 469 2535 dieitur,
503 2453 580 2535 quin
610 2460 682 2538 post
711 2474 829 2519 annum
856 2456 936 2518 1538
961 2453 1124 2539 scripserit
1152 2453 1294 2520 dubitari

154 2557 275 2642 nequit.

244 2664 273 2724 2.
303 2660 392 2745 Περὶ
414 2665 475 2725 τοῦ
499 2658 592 2747 Θαλῆ
623 2661 705 2726 Eud.
731 2681 763 2744 p.
790 2663 864 2725 228.
911 2662 1030 2726 Fontes
1061 2660 1189 2744 glossae
1221 2667 1295 2727 sunt

157 2763 276 2829 Suidas
298 2763 452 2829 et‘Phav.
478 2784 511 2847 p.
531 2766 604 2828 880.
644 2764 748 2847 Atque
772 2763 893 2830 Suidae
916 2763 1045 2848 quidem
1067 2763 1149 2830 haee
1171 2763 1293 2830 deben-

154 2872 222 2932 tur:
248 2863 476 2953 Μιλήσιος-
493 2860 671 2932 ἀθάνατον
686 2872 717 2932 et
733 2870 873 2952 φέρεται
889 2861 993 2934 αὐτοῦ
1008 2906 1048 2914 -
1066 2861 1150 2930 άλλα
1167 2858 1291 2931 πολλά.

156 2970 246 3048 Quae
268 2969 368 3034 Flaoh
392 2992 423 3055 p.
450 2972 490 3033 43
522 2991 539 3036 e
563 2969 664 3036 Suida
686 2989 780 3056 posse
803 2969 920 3037 hausta
942 2990 1016 3037 esse
1038 2977 1152 3054 negat3
1186 2991 1291 3053 neque

156 3073 241 3139 enim
271 3073 510 3140 commemorari
540 3072 626 3159 apud
656 3073 748 3139 illurn
770 3073 853 3139 inter
874 3074 1020 3139 Thaletis
1044 3074 1141 3139 libros
1163 3073 1292 3139 titulum

156 3177 237 3263 περὶ
260 3174 453 3260 ἐκλείψεως,
479 3197 574 3259 quem
597 3183 770 3243 extremum
793 3177 936 3243 nominat
950 3177 1104 3244 Eudooia.
1144 3179 1186 3243 At
1200 3176 1294 3242 finxit

157 3299 228 3345 eum
258 3280 384 3344 titulum
413 3279 565 3344 falsarius
596 3300 614 3344 e
638 3280 756 3345 Suidae
784 3280 891 3346 verbis
923 3279 1144 3366 ἐκλείψεις
1173 3304 1208 3345 τε
1236 3282 1295 3345 καὶ

156 3381 331 3469 ἰσημερίας
353 3383 564 3469 κατείληφεν,
596 3383 706 3465 qualia
727 3403 791 3448 non
813 3405 917 3469 pauoa
938 3385 1029 3449 illum
1053 3385 1185 3450 finxisse
1208 3384 1296 3449 infra

156 3485 332 3551 docebitur.
379 3485 516 3569 Reliqua
538 3506 556 3550 e
579 3485 760 3552 Phavorino
784 3486 972 3572 deprompta
995 3494 1085 3570 sunt,
1119 3488 1174 3570 qui
1197 3487 1294 3553 fonti-

155 3589 215 3654 bus
246 3589 344 3654 utitur
377 3589 447 3653 his:
488 3589 595 3655 Sohol.
621 3590 718 3654 An'st.
744 3590 805 3654 Av.
834 3593 915 3654 1010
943 3593 1018 3674 (τῶν
1041 3587 1128 3656 ἑπτὰ
1152 3588 1296 3677 φιλοσό-

157 3716 234 3778 φων
257 3687 304 3768 εἷς
327 3695 463 3776 γέγονεν
486 3699 518 3759 et
543 3681 581 3779 ἦν
604 3692 640 3757 δὲ
664 3691 722 3757 ἐπὶ
744 3698 931 3779 γεωμετρίᾳ
954 3693 1227 3781 ὄιοβεβοημένος)
1262 3702 1296 3761 et

156 3794 293 3861 Soholiis
315 3795 370 3859 Ar.
389 3796 474 3861 Nub.
497 3799 556 3860 180
580 3795 716 3862 Aldinis.
763 3797 895 3862 Fontem
919 3804 1024 3864 autern
1047 3798 1209 3864 Eudoeiae
1229 3798 1295 3864 Ba-

129 4090 131 4095 *
225 4054 247 4118 *l
269 4054 371 4109 Nescio
396 4071 432 4108 an
449 4055 539 4123 magis
558 4057 642 4110 etiarn
666 4057 821 4111 mirandum
846 4057 896 4120 sit,
924 4058 999 4126 quod
1025 4055 1098 4109 idern
1123 4056 1167 4111 vir
1192 4058 1296 4112 doetus

158 4142 185 4194 in
211 4140 345 4195 editionis
373 4156 442 4195 suae
468 4148 604 4211 apparatu
631 4143 730 4199 critico
754 4143 965 4214 κερσομλέπιειν
989 4149 1020 4201 ut
1044 4143 1151 4202 oodieis
1175 4143 1296 4202 Parisiui

156 4228 305 4287 lectionem
323 4232 400 4287 reete
419 4228 526 4288 laudat.
