2910 4882
600 375 643 383 -
689 340 774 421 [aas]
820 372 864 382 -
1261 338 1299 398 13

163 524 297 589 excribit
326 544 421 605 quarn
444 525 604 607 nodosis,
638 528 726 591 velot
749 523 905 608 Βάκχους
928 521 1070 589 ἐκάλουν
1099 531 1171 608 post
1202 520 1298 608 δρχια

163 647 235 691 oum
259 626 389 692 scholiis
413 635 520 694 servat
542 629 754 711 Phavorinus‚
781 630 897 695 omittit
919 627 1073 694 Eudocia.
1106 628 1118 712 Η
1150 629 1178 709 2)
1207 623 1297 688 Βάκ-

162 729 451 812 χος-παιδιαῖς
474 733 603 798 00111111.
624 737 675 798 30.
708 734 721 818 Η
752 735 780 817 3)
806 731 937 815 Βάκχαι
953 731 1045 796 δὲ-
1066 723 1189 794 ὀπαδοὶ
1208 726 1299 806 Βάκ-

163 859 226 914 χου
254 834 382 916 (Suidas
397 836 420 900 i.
439 837 481 919 v.)
509 836 707 902 Phavorinus
730 857 762 920 p.
782 840 855 901 349.
889 837 902 921 ΙΙ
926 840 961 919 4)
990 837 1046 899 καὶ
1062 831 1241 919 Βασσάραι
1257 871 1300 879 —

164 933 339 1024 ἠσχολεῖτο
376 939 475 1022 (Eust.
507 939 601 1004 Hom.
634 961 666 1024 p.
693 943 764 1024 989)
800 941 900 1005 Phar.
934 960 967 1023 p.
994 941 1067 1002 356.
1101 938 1113 1022 ΙΙ
1149 939 1177 1018 5}
1206 930 1302 1000 ἄλλοι

164 1039 257 1104 δὲ-
275 1039 484 1124 ἐπόμπευον.
524 1043 551 1106 Ε
575 1042 756 1108 Phavorino
780 1065 812 1128 p.
832 1046 890 1107 391
916 1043 998 1109 haec
1019 1039 1209 1127 profluxisse
1223 1039 1300 1104 inde

164 1144 341 1228 colligitur,
375 1144 461 1228 quod
487 1145 590 1210 isdem
617 1147 724 1213 verbis
753 1147 839 1232 apud
865 1167 937 1212 eum
961 1146 1127 1211 coniuncta
1149 1145 1300 1226 leguntur

163 1268 205 1312 ex
234 1248 374 1333 Etymol.
405 1249 448 1313 M.
476 1252 555 1332 214,
590 1253 630 1314 39
661 1247 813 1335 Βρόμιον
836 1288 875 1296 -
898 1255 1042 1336 βροντῆς
1070 1255 1102 1314 et
1129 1242 1148 1334 ἢ
1178 1241 1231 1311 ὅτι
1259 1284 1295 1292 -

164 1349 372 1435 ἐπόμπευον,
399 1373 482 1436 quae
504 1353 590 1418 unde
609 1353 729 1420 habeat
743 1354 952 1437 Phavorinus,
977 1374 1041 1419 non
1063 1351 1201 1436 reperio.
1237 1351 1299 1416 Ce-

161 1462 264 1521 terum
294 1456 354 1521 hoc
383 1455 453 1521 loco
481 1456 515 1521 in
547 1456 656 1522 codice
679 1458 818 1540 vestigia
840 1457 973 1541 originis
995 1455 1121 1521 violarii
1143 1459 1300 1539 apparent

162 1559 261 1624 hacc:
295 1567 369 1644 post
397 1558 553 1636 παιδιαῖς
581 1581 693 1626 rasura
722 1562 898 1627 litterarum
921 1561 1015 1625 rubro
1038 1559 1227 1644 scriptarum
1249 1557 1299 1621 in-

163 1661 247 1727 dicio
270 1670 320 1728 est
342 1663 460 1728 codicis
483 1664 619 1728 Parisini
642 1664 807 1730 librarium
830 1665 852 1729 i.
878 1685 907 1730 e.
934 1663 1118 1746 falsarium,
1152 1662 1204 1728 cui
1229 1661 1298 1726 vio-

161 1765 278 1830 larium
302 1767 450 1849 debetur,
483 1775 556 1852 post
586 1768 745 1853 ascriptas
773 1769 855 1834 duas
878 1788 896 1833 e
918 1767 1097 1832 Phavorino
1125 1772 1157 1831 et
1179 1785 1197 1830 e
1220 1765 1298 1830 Cor-

162 1877 238 1934 nnto
266 1879 376 1954 partes
405 1871 502 1936 finem
532 1870 638 1936 facere
667 1872 808 1938 voluisse
830 1873 959 1956 glossae
980 1889 1147 1953 novaeque
1169 1867 1296 1933 titulum

161 1973 309 2056 posuisse
338 1976 421 2056 (nam
444 1973 549 2040 rubris
571 1974 688 2040 litteris
711 1975 868 2041 eiusmodi
889 1975 999 2040 titulos
1022 1972 1177 2055 distingui
1192 1972 1296 2036 solere

160 2097 194 2159 p.
213 2082 232 2138 4
256 2078 374 2161 docui),
405 2078 544 2144 inventis
567 2083 674 2143 autern
697 2079 887 2160 quibusdam
910 2077 1055 2144 eiusdem
1077 2074 1255 2158 argumenti
1278 2094 1296 2138 e

161 2178 343 2245 Phavorino
370 2181 488 2265 glossis
511 2181 603 2247 titulo
625 2181 681 2247 illo
704 2201 796 2247 eraso
819 2183 919 2249 verba
942 2179 1075 2263 Βάκχαι
1096 2178 1132 2243 δὲ
1158 2184 1191 2244 et
1212 2198 1295 2262 quae

160 2291 337 2366 sequuntur
360 2304 461 2368 usque
484 2284 527 2350 ad
547 2285 644 2350 finem
666 2285 867 2371 adposuisse.
908 2286 1079 2349 Praeterea
1096 2282 1182 2348 idem
1196 2281 1296 2346 libra-

160 2387 227 2451 rius
250 2387 330 2454 haec
353 2388 539 2474 adscripsit:
574 2383 594 2475 ἢ
616 2386 758 2474 βράμιος
780 2386 876 2474 ιιαρδι
898 2385 958 2455 τὸν
979 2384 1126 2472 βρόμον·
1153 2386 1209 2450 καὶ
1231 2381 1294 2470 γὰρ

160 2514 192 2553 κ.
218 2514 247 2553 τ.
273 2491 303 2555 l.
328 2491 497 2575 usquead
520 2490 556 2556 ἐν
579 2487 672 2577 δ’ρεσι
695 2489 757 2559 σὺν
777 2491 921 2576 βάκχαις
947 2492 999 2576 (cf.
1018 2491 1117 2557 verba
1131 2489 1290 2572 glossae);

158 2594 240 2659 haec
263 2596 365 2660 rubris
388 2595 482 2660 lineis
503 2596 698 2661 transductis
721 2597 829 2662 deleta
843 2597 877 2661 in
892 2595 1037 2679 margine
1053 2599 1173 2659 extant.
1210 2592 1295 2656 Inoi-

160 2695 210 2762 dit
230 2698 315 2762 enim
338 2698 407 2763 sine
423 2699 519 2764 dubio
535 2699 685 2763 librarius
700 2699 829 2784 ineptus
844 2700 1008 2781 aliquanto
1023 2704 1192 2782 postquam
1207 2697 1295 2779 glos-

160 2820 230 2865 sam
252 2801 394 2886 scripsit‚
425 2803 513 2887 apud
535 2801 748 2867 Phavo1inum
770 2803 803 2867 in
825 2802 917 2867 illum
940 2802 1044 2867 locum
1068 2823 1100 2885 p.
1128 2803 1186 2864 391
1212 2799 1295 2864 obli-

158 2910 273 2986 tusque
302 2904 367 2970 iam
397 2912 494 2971 antea
524 2906 637 2971 eadem
661 2925 696 2971 se
719 2906 911 2990 excripsisse
938 2906 971 2969 in
998 2903 1143 2986 margine
1173 2902 1290 2987 posuit,

158 3028 265 3089 neque
287 3014 360 3081 acta
383 3028 417 3074 se
440 3030 538 3094 agere
560 3009 623 3074 nisi
647 3011 706 3075 sub
729 3010 835 3094 ipsum
859 3008 952 3073 finem
975 3007 1211 3073 animadvertit.

246 3112 394 3178 Ceterum
424 3119 551 3198 praeter
579 3113 664 3180 locos
694 3135 715 3177 a
737 3112 868 3177 Flaohio
898 3118 1068 3196 congestos
1090 3131 1155 3175 non
1177 3110 1294 3175 desunt

157 3213 192 3278 in
215 3214 349 3280 violario
371 3216 439 3298 alii,
465 3237 598 3299 quorum
621 3234 764 3281 summus
787 3215 859 3280 fons
881 3216 922 3280 sit
940 3217 1050 3300 Etym.
1067 3215 1197 3297 Magn:
1223 3212 1292 3277 vel-

157 3322 194 3380 ut
216 3338 249 3401 p.
276 3321 332 3382 127
358 3318 564 3396 Δωδωναῖος
587 3317 736 3395 Ζεὺς-
758 3315 1003 3404 Ἀκεστόδωρος
1026 3317 1215 3404 ἱστοροῦσι,
1253 3336 1293 3380 ex

157 3421 265 3504 Etym.
290 3422 332 3486 M.
360 3425 433 3503 293,
461 3427 479 3487 3
510 3424 608 3489 habet
630 3423 766 3488 Phavor.
791 3443 823 3506 p.
843 3426 916 3504 541,
951 3443 968 3487 e
991 3421 1170 3487 Phavorino
1192 3420 1289 3501 Eud,

156 3543 221 3586 non
245 3544 263 3588 e
286 3524 415 3592 Scholio
438 3527 568 3592 Homeri
590 3527 629 3590 Il.
655 3527 742 3608 XVI,
769 3528 841 3607 233,
875 3525 910 3590 id
932 3525 1016 3608 quod
1038 3524 1121 3590 falso
1146 3524 1294 3589 adfirmat

158 3626 259 3692 Flaoh
282 3649 314 3713 p.
330 3633 400 3693 115.
440 3629 562 3694 Eadem
578 3650 618 3694 ex
634 3630 746 3697 eodem
769 3629 856 3694 fonte
879 3630 996 3695 hausta
1019 3650 1051 3713 p.
1071 3633 1133 3692 200
1155 3629 1293 3692 intentu

158 3737 245 3814 etp.
268 3733 327 3795 108
350 3732 383 3797 in
406 3732 550 3815 margine
572 3732 669 3799 habet
691 3733 845 3799 Eudooia.

245 3834 357 3918 Neque
386 3855 461 3900 vero
489 3835 595 3900 omnia
624 3857 708 3919 quae
738 3836 815 3902 dicit
843 3837 944 3901 Flach
974 3856 1008 3900 re
1037 3856 1114 3902 vera
1143 3854 1182 3898 ex
1213 3834 1293 3917 Ety-

159 3936 316 4020 mologico
339 3937 383 4000 M.
408 3938 563 4021 originem
588 3939 722 4019 ducunt;
756 3940 845 4004 velut
867 3961 897 4023 p.
924 3942 983 4002 118
1007 3940 1087 4024 περὶ
1108 3934 1290 4002 Διονύσου.

157 4036 219 4104 τὸν
241 4039 278 4104 δὲ
300 4039 470 4108 Διόνυσον
493 4081 534 4088 -
557 4040 641 4118 Διὸς
663 4040 780 4130 μηρόν.
829 4045 917 4108 Haec
941 4063 980 4107 ex
1003 4042 1224 4127 Etymologioo
1246 4041 1289 4104 M.

159 4146 234 4223 277,
261 4146 300 4207 35
325 4145 469 4229 excerpit
491 4147 634 4211 Zonaras
658 4169 688 4231 p.
708 4148 785 4228 598,
813 4147 969 4211 Zonararn
993 4145 1145 4210 describit
1166 4146 1293 4209 Plravo·

157 4245 247 4311 rinus
262 4268 294 4331 p.
314 4253 387 4331 515,
415 4249 628 4314 Phavo¹inum
652 4250 773 4334 expilat
795 4250 951 4315 Eudocia:
981 4247 1058 4315 σὺν
1079 4253 1197 4335 κε’ραοι
1218 4270 1294 4332 χεν-
