2910 4882
153 288 193 346 24
588 321 630 330 -
677 284 760 364 [aas]
808 319 851 328 -

154 476 263 541 verino
283 477 399 540 absunt
422 468 614 560 ὡπλισμένη
638 469 700 558 γὰρ
725 467 743 559 η
767 469 930 558 φρόνησις
954 507 994 517 -
1019 468 1208 557 studueris,
1237 471 1293 535 sed

155 579 286 644 aliunde
310 599 349 644 ea
372 578 441 643 sine
464 577 561 643 dubio
590 582 639 658 (ex
661 576 829 641 Eustathio
852 575 996 659 fortasse)
1023 575 1142 640 intulit.

242 686 269 766 7)
297 684 334 746 Ρ.
359 685 420 745 406
452 681 590 764 denique
618 681 676 743 καὶ
705 686 810 745 ταῦτα
839 679 903 761 μὲν
928 676 969 742 τὰ
991 677 1140 762 lavatae·
1172 679 1294 744 nonin

154 787 242 852 fonte
264 785 345 869 legit
366 785 527 866 Eudooia‚
561 783 619 849 sod
646 792 682 849 ut
704 784 769 847 alia
797 803 859 848 non
890 802 993 868 pauca
1022 783 1143 848 similia
1168 782 1213 849 de
1237 801 1293 848 suo

155 889 292 955 addidit.

240 1097 354 1179 Neque
371 1095 475 1178 magis
490 1100 597 1159 nostro
614 1092 653 1159 de
670 1095 719 1159 his
734 1094 853 1160 iudicio
869 1096 1007 1177 obstant,
1025 1115 1106 1178 quae
1121 1115 1154 1179 p.
1166 1097 1230 1158 135
1244 1114 1291 1178 sq.

154 1199 256 1265 Flaoh
279 1198 420 1264 exhibet.
467 1197 668 1275 Quibusdam
691 1198 775 1264 enim
798 1199 877 1264 locis
899 1199 1031 1264 nimiam
1053 1200 1137 1265 inter
1154 1201 1295 1266 Tzetza-

155 1325 225 1368 rum
248 1303 491 1368 commentarios
520 1309 553 1367 et
574 1302 750 1366 Eudociam
779 1303 976 1368 intercedere
1003 1303 1222 1369 differentiam
1245 1303 1295 1368 di-

156 1409 199 1474 cit
228 1428 323 1492 quam
353 1413 388 1472 ut
416 1407 465 1471 illi
488 1406 584 1471 huius
606 1406 731 1490 possint
753 1425 824 1472 csse
850 1413 1007 1473 auctores.
1054 1407 1096 1472 At
1117 1407 1201 1471 nihil
1226 1429 1295 1471 om-

155 1511 210 1576 nia
232 1511 291 1576 illa
314 1511 465 1595 exempla
486 1510 632 1595 probant.

241 1614 277 1676 P.
298 1617 359 1676 106
382 1613 462 1697 περὶ
476 1609 622 1698 Δάφνης
636 1633 699 1677 non
715 1617 781 1679 tota
795 1613 914 1696 glossa,
933 1613 967 1678 id
983 1614 1070 1696 quod
1084 1614 1185 1680 Flach
1201 1615 1296 1680 vide-

155 1727 206 1785 tur
220 1718 416 1801 existimare,
443 1721 550 1785 Tzetz.
569 1718 649 1803 Lye.
668 1721 687 1781 6
707 1717 826 1783 fontem
841 1718 959 1815 habet,¹
974 1719 1071 1784 immo
1093 1719 1173 1785 nihil
1194 1720 1231 1784 in
1255 1741 1295 1786 ea

156 1844 219 1889 non
242 1844 260 1888 e
282 1822 382 1887 Phav.
409 1844 441 1907 p.
462 1826 522 1885 454
547 1821 714 1906 profluxit,
748 1822 803 1887 ubi
832 1843 904 1887 cum
934 1823 1016 1888 alios
1045 1830 1112 1888 tum
1140 1824 1200 1890 hos
1230 1831 1295 1890 tres

155 1928 211 1992 ille
234 1927 340 1992 fontes
363 1926 560 1992 transcribit:
599 1928 624 2009 1)
654 1924 759 1991 Schcl.
786 1926 879 1990 Hom.
906 1927 945 1991 ll.
970 1928 1053 1990 114.
1084 1927 1096 2012 ))
1123 1930 1154 2010 2)
1180 1927 1292 1993 Schol.

154 2031 251 2096 Arist.
272 2031 347 2095 Pac.
368 2034 460 2094 1044.
494 2030 507 2112 1)
538 2030 568 2113 3)
595 2031 704 2095 Tzetz.
722 2029 801 2114 Lyc.
821 2034 851 2094 6.
891 2030 918 2093 Ε
940 2029 1044 2113 prima
1059 2030 1169 2114 glossa
1183 2031 1295 2096 Eudo-

155 2135 206 2200 cia
227 2134 353 2199 initium
369 2134 493 2217 accepit
514 2151 616 2216 usque
639 2134 681 2198 ad
705 2130 889 2217 &caducum
915 2139 981 2198 tum
1006 2129 1057 2198 διὸ
1081 2171 1123 2181 -
1146 2131 1296 2220 ἐστεφα-

154 2245 275 2304 νοῦντο
299 2238 475 2325 exaltem,
502 2237 597 2302 tertia
620 2236 708 2302 dedit
729 2237 837 2301 finem.

240 2346 278 2408 P.
298 2345 360 2407 238
384 2344 465 2429 περὶ
487 2336 673 2430 τῆςἸνοῠς.
713 2343 886 2408 Phanorini
908 2343 1050 2426 glossam
1066 2340 1157 2430 Βύνη
1181 2365 1213 2428 p.
1231 2348 1295 2409 394

157 2449 280 2514 duobus
304 2468 322 2513 e
345 2446 486 2513 fontibus
510 2448 657 2512 haustam
679 2447 738 2530 (Et.
757 2447 799 2510 Μ.
820 2450 893 2530 217,
914 2451 931 2511 3
950 2453 981 2513 et
995 2449 1105 2512 Treta.
1124 2448 1203 2533 Lyc.
1218 2452 1290 2536 107)

156 2553 201 2617 ita
223 2551 375 2617 describit
396 2550 558 2635 Eudooia,
590 2557 625 2615 ut
654 2571 737 2634 quae
765 2551 821 2616 ille
851 2550 941 2616 initio
971 2551 1076 2636 posuit
1104 2554 1219 2637 (Etym.
1248 2555 1292 2618 M.

156 2656 261 2720 locum
283 2663 315 2721 et
329 2658 466 2722 Tzetnae
490 2655 604 2721 scholii
627 2655 762 2738 initium)
789 2655 862 2738 ipsa
877 2660 1021 2721 extrema
1042 2654 1152 2721 faciat.
1193 2657 1295 2723 Prae-

156 2767 245 2826 terea
273 2761 372 2825 verba
403 2767 463 2825 τοῦ
491 2756 659 2846 πρότερον
688 2760 901 2845 Μελικέρτου
931 2761 1113 2843 λεγομένου
1141 2761 1296 2827 falsarius

159 2864 192 2928 in
215 2863 360 2946 margine
382 2863 501 2929 codicis
524 2862 661 2929 Parisini
684 2864 817 2929 aliunde
839 2863 930 2930 addit
950 2862 1100 2947 idemque
1131 2884 1188 2949 pro
1211 2867 1297 2931 Tne-

158 2973 229 3032 tuae
251 2967 358 3032 verbis
381 2988 401 3031 a
423 2967 603 3032 Phavorino
626 2967 760 3031 servatis
792 2965 868 3052 ἐγὼ
897 2967 940 3032 δὲ
971 2965 1066 3053 παρὰ
1094 2965 1131 3031 τὸ
1155 2966 1227 3050 ridor
1253 2970 1297 3034 ad

157 3072 325 3136 celandam
341 3070 497 3153 originem
520 3065 540 3157 ἢ
563 3067 658 3155 παρὰ
674 3066 711 3134 τὸ
728 3067 798 3152 dolce
823 3071 941 3136 scribit.
989 3073 1027 3135 ln
1050 3071 1182 3154 reliquis
1205 3091 1296 3137 sum-

159 3191 213 3239 ma
233 3173 389 3256 religione
413 3174 584 3238 Phavorini
606 3173 685 3238 vitia
709 3180 831 3239 tuetur:
865 3182 1017 3240 πεσοῦσα
1041 3174 1088 3250 εἰς
1112 3172 1298 3243 θάλασσαν

40 3334 43 3339 ,
158 3280 280 3359 Treta,
298 3273 469 3362 φεύγουσα
481 3278 581 3342 Phav.
596 3277 678 3341 Eud.
699 3277 711 3363 ))
728 3271 898 3365 ἀπεπνίγη
912 3280 1034 3353 Treta,
1051 3277 1099 3354 εἰς
1111 3277 1298 3346 θάλασσαν

162 3374 297 3466 ἀπέπτη
310 3379 411 3444 Phav.
427 3378 507 3444 Eud.
539 3380 550 3465 Ι)
577 3377 790 3465 Ἀμφίμαχος
802 3384 924 3464 Treta,
943 3378 1178 3468 Άμφίμαρχος
1190 3382 1294 3447 Phav.

92 3466 99 3484 ¹
159 3483 240 3548 Eud.
281 3482 293 3567 1)
331 3479 417 3546 κατὰ
451 3481 623 3570 σννκοπην
656 3481 745 3569 ddum
778 3485 828 3549 Et.
861 3486 919 3568 M„
957 3482 1042 3549 κατὰ
1076 3508 1169 3570 coya.
1206 3483 1295 3574 δύνη

159 3587 258 3652 Phav.
284 3586 367 3650 Eud.
1071 3576 1075 3609 '

244 3692 280 3754 P.
300 3692 362 3754 406
386 3688 524 3771 denique
546 3689 627 3754 nihil
649 3690 791 3756 Eudocia
813 3692 921 3777 habet,
954 3694 1039 3779 quod
1062 3714 1124 3759 non
1148 3715 1166 3760 e
1188 3694 1294 3760 Phav.

159 3794 340 3880 sumpserit.
387 3793 517 3858 Initium
542 3833 578 3840 -
605 3795 705 3870 σέλας
733 3794 800 3860 fere
830 3796 932 3861 isdem
962 3799 1068 3863 verbis
1097 3799 1181 3865 redit
1206 3800 1295 3883 apud

158 3899 372 3963 Phanorinum
400 3900 498 3977 17863
532 3897 621 3962 cuius
644 3904 708 3964 tres
731 3898 835 3963 sontes
859 3907 947 3964 sunt:
986 3901 1075 3965 Eust.
1102 3902 1195 3965 Hom.
1216 3905 1292 3987 345,

159 4003 266 4086 Etym.
291 4002 334 4066 M.
361 4005 433 4084 772,
459 4005 511 4083 49,
546 4003 652 4066 Tzetz.
686 4001 764 4084 Lyc.
792 4006 863 4064 177.
909 4004 990 4067 Tum
1020 4002 1163 4068 Eudocia
1191 4024 1295 4086 usque

160 4105 201 4171 ad
226 4103 395 4190 ἐπέθηκεν
418 4125 458 4169 ex
482 4103 626 4169 eiusdem
649 4104 821 4169 Phavorini
843 4124 917 4187 pag.
940 4108 1020 4169 1785
1044 4104 1141 4169 habet
1166 4106 1295 4171 initium

160 4207 365 4274 Eustathiani
391 4208 471 4293 loci,
506 4207 681 4293 eademque
710 4215 759 4275 est
787 4208 875 4294 origo
897 4208 1152 4276 Eudooianarum
1179 4230 1296 4279 vocum
