2910 4882
154 328 172 389 s
588 359 629 367 -
678 323 762 404 [320]
809 358 851 366 -

154 514 229 578 adn.
249 516 285 576 8:
320 511 390 577 »Vir
411 510 536 594 doctus,
570 530 669 596 penes
692 531 785 594 quem
810 510 885 575 olim
909 509 969 575 fuit
992 511 1160 594 exemplar
1182 531 1293 576 meum

155 616 303 682 editionis
332 615 480 696 Kusteri,
519 615 599 680 haec
629 613 819 699 adscripsit:
858 613 984 698 Σίλλῳ·
1015 614 1160 679 Eudocia
1189 635 1223 698 p.
1253 618 1293 679 36

154 718 358 804 (1ο1νύμβῳ,
385 719 469 803 quod
492 719 589 784 habet
604 725 636 784 et
650 718 798 799 Varinus,
826 717 910 784 unde
933 738 993 783 sua
1014 716 1122 783 hausit
1145 717 1293 802 ψευδεν-

155 825 262 906 ὅοκία,
295 844 388 908 quae,
420 822 558 887 nisime
580 821 687 887 omnia
708 822 840 902 fallunt,
874 829 923 887 est
951 823 1022 907 ipse
1044 820 1214 887 Varinus.«
1259 823 1293 887 Is

154 929 203 994 vir
219 929 331 994 doctus
347 926 418 1011 quis
441 926 548 1009 fuerit,
573 927 733 1006 nescitur;
760 933 845 991 certe
860 926 1023 992 Eudooiae
1045 926 1164 991 fontem
1187 925 1292 1011 potis-

155 1033 270 1098 simum
300 1031 420 1117 primus
449 1030 598 1114 agnovit,
628 1050 820 1113 quamquam
847 1036 959 1096 auctor
987 1029 1113 1095 violarii
1133 1030 1293 1095 Phavori-

154 1155 215 1200 nus
246 1154 319 1200 esse
348 1155 411 1199 non
440 1140 561 1219 potest,
595 1133 715 1219 quippe
743 1134 797 1216 qui
819 1140 961 1199 mortuus
986 1133 1027 1199 sit
1048 1155 1078 1198 a.
1100 1136 1192 1213 1537,
1228 1154 1292 1216 quo

155 1260 239 1304 anno
262 1237 359 1304 editio
382 1237 579 1304 Basileensis
602 1237 710 1320 lexici,
736 1258 801 1320 qua
823 1257 913 1302 usam
937 1237 1112 1303 Eudooiam
1136 1256 1209 1303 esse
1234 1238 1293 1302 do-

156 1343 309 1425 cebimus,
335 1343 495 1427 impressa
511 1363 574 1407 non
592 1348 672 1407 erat.
705 1342 774 1420 Quo
798 1349 903 1408 autem
927 1341 1057 1407 facilius
1081 1341 1143 1407 utri
1159 1348 1292 1407 senten-

154 1447 219 1513 tiae
248 1445 511 1531 adstipulandum
534 1446 592 1528 sit,
623 1446 844 1529 intellegatur,
879 1444 994 1528 quibus
1023 1444 1101 1510 locis
1125 1445 1227 1510 Flach
1251 1444 1293 1509 ad

156 1568 247 1614 suam
276 1548 467 1614 sententiam
497 1547 695 1634 probandam
726 1549 841 1632 utitur,
876 1548 1005 1616 eosdem
1034 1554 1164 1614 nostrae
1191 1553 1293 1614 testes

155 1653 364 1737 proferemus.

245 1863 273 1922 l.
307 1860 395 1945 Περὶ
410 1853 675 1945 Ἀμφιδρομίων.
709 1858 792 1925 Eud.
818 1881 850 1944 p.
871 1862 923 1924 39.
965 1860 1090 1925 Hausta
1112 1866 1160 1925 est
1182 1860 1295 1943 glossa

156 1984 174 2029 e
198 1962 339 2028 fontibus
361 1963 429 2028 his:
471 1964 499 2048 a)
526 1962 651 2029 initium
674 2001 716 2010 -
740 1960 933 2046 ἐλάμβανον
955 1983 995 2028 ex
1017 1965 1169 2047 Harpoor.
1195 1964 1220 2028 i.
1240 1985 1271 2028 v.
1287 1963 1297 2050 ll

157 2067 187 2146 b)
220 2105 263 2114 —
294 2086 395 2149 usque
428 2066 472 2132 ad
505 2063 733 2153 προσήκοντες
770 2088 811 2132 ex
846 2067 953 2133 Sahal.
990 2067 1116 2132 Platon.
1153 2066 1291 2134 Theaet.
1318 2144 1321 2151 ,

159 2174 231 2253 160,
252 2169 291 2234 Ε.
332 2169 344 2254 ΙΙ
381 2173 406 2254 ο)
434 2170 491 2234 καὶ
514 2164 622 2246 ἄλλως
651 2208 693 2216 -
723 2169 764 2234 ad
787 2171 882 2236 finem
905 2191 945 2236 ex
968 2171 1074 2254 Etym.
1100 2171 1207 2254 Magn.
1237 2174 1291 2256 89,

157 2279 209 2338 54.
246 2272 365 2338 Tribus
387 2271 439 2338 his
454 2294 472 2338 e
488 2273 632 2358 partibus
648 2273 824 2359 composita
846 2273 956 2357 glossa
976 2293 1046 2338 cum
1063 2272 1174 2339 eodem
1196 2274 1296 2339 trium

156 2375 294 2460 partium
328 2373 439 2440 ordine
472 2376 506 2439 in
536 2375 707 2441 Phavorini
740 2376 844 2441 lexico
874 2376 925 2443 ed.
952 2378 1028 2442 Bas.
1054 2399 1084 2462 p.
1108 2380 1167 2439 152
1191 2384 1291 2459 extet,

158 2484 214 2544 aut
245 2479 459 2544 Phavorinum
489 2479 653 2546 Eudociac
682 2486 738 2545 aut
765 2479 939 2546 Eudociam
969 2481 1144 2546 Phavorini
1173 2480 1297 2547 fontem

157 2590 334 2649 statuamus
356 2602 488 2649 necesse
512 2589 570 2649 est.
614 2584 711 2668 Atqui
732 2605 752 2649 a
774 2584 915 2649 fontibus
937 2585 1069 2670 propius
1093 2586 1186 2652 abest
1207 2586 1298 2651 Pha-

158 2687 306 2771 vorinus,
338 2687 428 2752 velut
456 2687 489 2751 in
512 2693 602 2772 parte
632 2708 673 2752 ex
695 2687 944 2772 Harpocratione
974 2688 1074 2774 petita
1103 2688 1173 2753 eius
1196 2690 1298 2754 verba

157 2793 295 2866 Λυσίας
318 2791 478 2878 περὶτῆς
507 2784 727 2874 specietenus,
761 2789 857 2878 εἴπερ
887 2787 1022 2878 γνήσιος
1046 2785 1063 2856 ὁ
1087 2789 1186 2876 λόγος
1209 2792 1298 2859 Pha-

157 2895 285 2961 vorinus
302 2900 419 2979 seruat,
446 2895 562 2961 omittit
576 2893 730 2960 Eudocia.
776 2895 868 2979 Ipsos
891 2894 988 2978 igitur
1003 2895 1108 2960 fontes
1124 2895 1298 2980 descripsit

158 2998 358 3063 Phavorinus
381 3004 412 3064 et
440 2999 472 3063 in
495 2998 624 3081 glossae
653 2999 787 3064 formam
815 2999 959 3082 redegit,
991 2999 1205 3063 Phavorinum
1236 3018 1298 3064 ex-

158 3102 276 3186 cerpsit
291 3101 443 3167 Eudooia.
484 3102 632 3168 Ceterum
655 3123 719 3168 non
743 3089 793 3188 ἦν,
820 3101 905 3185 quod
920 3101 1046 3167 Flachii
1061 3122 1178 3187 operae
1194 3101 1298 3168 dede-

158 3213 230 3271 runt
252 3228 285 3290 p.
307 3210 377 3289 170,
412 3205 469 3271 sed
494 3200 589 3293 ἤγετο
613 3226 684 3271 curn
707 3205 850 3271 Eudocia
871 3205 969 3272 habet
990 3205 1207 3288 PhavorinuS,
1236 3206 1299 3274 illa

159 3316 266 3375 autem
285 3304 302 3396 A
318 3306 403 3372 κατά
419 3332 513 3385 τινας
529 3329 600 3373 curn
616 3309 685 3392 hoo,
712 3329 774 3374 non
790 3310 847 3373 καὶ
862 3305 949 3373 κατά
964 3332 1068 3392 τινας,
1095 3309 1179 3392 quod
1195 3309 1298 3376 Flach

160 3412 286 3478 videtur
319 3413 451 3496 legisse.
505 3411 626 3477 Eadem
661 3413 746 3496 quod
778 3412 812 3477 in
842 3414 971 3497 glossae
1005 3412 1161 3497 principio
1195 3419 1300 3480 mutat

160 3514 256 3603 ἑορτή
280 3538 337 3602 pro
360 3516 621 3601 Harpocrationis
644 3522 676 3581 et
697 3514 870 3582 Phavorini
891 3537 970 3582 voce
1001 3510 1125 3604 ἡμέρα,
1159 3516 1191 3580 id
1223 3536 1298 3582 oum

158 3622 192 3686 in
214 3641 326 3686 rasura
354 3621 475 3687 habeat
502 3619 665 3687 Eudociae
694 3620 809 3702 codex,
843 3641 907 3686 non
935 3621 969 3686 in
998 3621 1087 3687 fonte
1116 3621 1294 3706 inventum,

160 3725 217 3791 sed
240 3724 347 3789 fictum
371 3746 391 3789 a
413 3723 545 3789 falsario
568 3743 640 3789 esse
663 3730 807 3809 apparet.

247 3832 278 3892 2.
310 3829 398 3914 Περὶ
420 3821 636 3915 νῆςἈργοῖς.
676 3827 756 3911 Eud.
775 3850 806 3912 p.
823 3831 875 3891 79.
915 3828 1048 3894 Constat
1069 3828 1128 3893 hoc
1144 3836 1238 3913 caput
1255 3850 1298 3895 ex

161 3932 211 3996 his
234 3937 382 4015 quattuor
404 3931 566 4017 partibus:
602 3934 630 4008 a}
652 3923 758 4016 Ἀργὼ
780 3969 820 3978 -
838 3924 1069 4016 Ἀργοναῦται.
1116 3933 1222 4016 Etym.
1249 3933 1294 3998 M.

164 4038 299 4111 131131.
319 4036 331 4120 ll
355 4036 383 4120 b)
406 4033 523 4119 Ἄργος
538 4072 580 4080 -
596 4027 712 4120 αὐτὴν.
737 4034 846 4099 Sahal.
862 4035 922 4119 Ap.
938 4034 998 4098 Rh.
1013 4034 1039 4116 Ι,
1052 4037 1126 4097 224.
1145 4036 1157 4120 ll
1181 4038 1205 4119 o]
1230 4042 1299 4100 urs-

162 4136 300 4224 ρεκύδης
323 4176 364 4184 -
389 4136 526 4225 ἐκλήθη.
559 4136 664 4203 Sahal.
683 4137 743 4221 Ap.
763 4138 824 4202 Rh.
843 4138 868 4219 Ι,
889 4142 918 4200 4.
944 4136 956 4220 Η
987 4138 1016 4221 d]
1047 4132 1064 4224 ἢ
1088 4131 1140 4201 ὅτι
1162 4133 1299 4224 -Ἄρ-

162 4264 231 4331 γον.
273 4243 383 4313 Tzetz.
402 4243 480 4330 Lyo.
499 4245 572 4312 883.
611 4242 680 4308 Has
695 4247 803 4330 partes
819 4241 960 4312 Eudocia
974 4240 1047 4331 ipsa
1062 4243 1299 4316 consarcinavit

1013 4518 1145 4568 A
