2910 4882
269 340 288 396 4
493 405 498 416 ,
708 376 748 384 -
796 340 880 420 [ero]
928 377 969 386 -

268 524 388 589 formae
411 524 548 610 produnt
571 526 651 609 (eod.
671 527 726 591 Gr.
746 530 856 611 3057),
882 528 1019 593 alterum
1044 527 1161 611 [suppl.
1183 528 1231 609 42)
1260 548 1279 591 e
1303 528 1411 611 priore

266 628 324 694 illo
355 629 547 715 descriptum
578 650 651 696 esse
681 652 721 696 ne
752 632 853 697 obiter
883 632 1012 714 quidem
1042 638 1279 716 comparantem
1310 631 1408 715 fugit.

268 733 438 798 Reeentior
459 734 549 814 liber,
584 742 618 799 ut
640 735 710 819 ipse
732 742 877 819 testatur,
912 735 1116 818 Franeogalli
1144 735 1282 800 hominis
1311 735 1411 800 indu-

268 836 366 900 striae
389 835 533 915 debetur,
560 838 611 902 eui
633 859 748 903 nomen
772 847 840 904 erat
861 838 1030 920 Rassieod‚
1056 839 1111 921 qui
1134 860 1164 903 a.
1189 841 1268 902 1718
1294 838 1411 904 deees-

268 939 350 1004 sisse
372 941 519 1005 traditur.
566 942 734 1024 Antiquior
749 943 861 1026 oodex,
887 962 988 1026 penes
1009 952 1105 1024 quem‘
1126 963 1224 1007 unum
1247 944 1353 1008 omnis
1376 943 1409 1006 in

268 1044 329 1109 bae
353 1045 539 1125 quaestione
565 1046 738 1111 auotoritas
762 1054 820 1130 est,
853 1048 887 1112 in
910 1047 1028 1113 ebartis
1058 1048 1184 1130 magnis
1213 1068 1276 1112 non
1303 1047 1410 1112 inele-

268 1154 383 1230 ganter
413 1156 569 1214 exaratus,
594 1156 653 1214 est.
701 1150 862 1216 Prioribus
886 1155 926 1213 44
951 1150 1079 1234 paginis
1109 1151 1288 1215 continetur
1318 1150 1410 1236 eapi-

266 1257 334 1315 tum
356 1251 455 1316 index
477 1253 571 1317 rubro
588 1253 740 1338 seriptus3
769 1253 913 1337 sequitur
934 1261 1041 1320 textus
1064 1257 1126 1318 602
1150 1255 1287 1338 paginas
1311 1274 1410 1319 oeou-

269 1375 362 1438 pane.
411 1355 552 1433 Quarum
582 1357 615 1421 in
645 1357 748 1442 prima
780 1358 867 1441 pieta
896 1365 945 1424 est
978 1358 1099 1423 femina
1127 1357 1160 1423 in
1191 1358 1300 1424 media
1330 1359 1410 1423 aula

247 1499 249 1503 -
269 1458 387 1522 sedens
409 1458 442 1522 in
465 1459 545 1524 solio
568 1480 676 1542 aureo,
707 1461 795 1543 regio
817 1460 929 1526 induta
952 1468 1075 1545 ornatu,
1101 1462 1196 1527 laeva
1218 1461 1336 1526 librum
1360 1470 1409 1527 te-

268 1581 348 1626 nens
371 1582 468 1626 aureo
491 1568 675 1646 tegumento
699 1563 914 1648 splendidum.
961 1565 1110 1630 Ambitus
1138 1565 1280 1650 picturae
1303 1565 1409 1630 modi-

269 1684 325 1730 eus
349 1672 408 1748 est,
440 1687 493 1731 ars
520 1667 651 1751 pietonis
680 1667 859 1733 mediocris.
909 1668 1060 1750 Sequitur
1088 1669 1122 1733 in
1145 1668 1258 1734 eadem
1287 1670 1411 1753 pagina

268 1768 380 1834 titulus
403 1770 509 1854 operis
532 1771 625 1835 rubro
648 1770 752 1855 pietus
775 1792 877 1854 aeque
903 1778 999 1854 atque
1017 1792 1126 1836 omnes
1148 1793 1206 1857 per
1227 1778 1327 1837 totum
1351 1794 1410 1838 vo-

268 1872 376 1937 lumen
399 1874 539 1958 capitum
562 1874 784 1958 inscriptiones
813 1881 844 1940 et
865 1874 1007 1941 initiales
1030 1895 1113 1957 quae
1136 1881 1289 1940 voeantur
1318 1874 1410 1941 litte-

268 1996 323 2040 rae
351 1976 491 2059 itemque
520 1976 744 2044 adnotationes
773 1979 947 2044 nonnullae
975 1978 1009 2042 in
1038 1978 1238 2061 marginibus
1261 1979 1406 2045 additae.

268 2080 409 2144 litulum
434 2080 554 2165 exeipit
570 2080 719 2166 epistula,
746 2082 838 2148 euius
857 2083 955 2147 verba
978 2102 1080 2164 usque
1103 2083 1146 2147 ad
1169 2076 1411 2149 ἀποσπώντων

267 2184 323 2247 καὶ
346 2181 540 2271 κατάληψιν
561 2185 691 2250 exhibet
713 2186 834 2270 pagina
856 2186 969 2271 prima.

353 2287 487 2354 Videtur
503 2294 609 2353 autem
632 2288 710 2352 mibi
731 2274 817 2354 totus
839 2288 921 2354 liber
942 2289 1037 2354 unius
1059 2287 1198 2354 hominis
1217 2310 1315 2354 manu
1332 2309 1408 2356 esse

268 2398 435 2473 exaratus,
471 2393 526 2474 qui
546 2391 644 2477 idem,
676 2392 738 2457 nisi
767 2392 870 2474 fallor,
905 2399 1016 2458 auetor
1039 2393 1164 2458 violarii
1193 2393 1264 2458 fuit.
1312 2393 1408 2471 Quod

268 2503 303 2562 ut
325 2496 464 2578 eredam,
495 2517 558 2561 non
581 2497 683 2562 solum
708 2485 842 2561 fontium
864 2504 1089 2582 usurpatorum
1113 2503 1238 2580 natura,
1266 2504 1301 2561 ut
1322 2497 1410 2562 infra

268 2608 453 2685 exponetur,
487 2600 545 2666 sed
568 2600 664 2666 etiam
687 2600 760 2686 ipsa
782 2601 901 2666 eodiois
929 2601 1037 2686 speeie
1059 2600 1212 2667 addueor.
1259 2602 1297 2665 In
1319 2621 1410 2666 mar-

267 2705 397 2788 ginibus
420 2703 504 2769 enim
527 2703 596 2769 eius
618 2702 784 2770 latissimis
808 2704 967 2788 permulta
989 2705 1030 2769 ab
1053 2703 1166 2768 eadem
1190 2724 1296 2784 manu,
1323 2724 1408 2786 quae

268 2815 389 2873 textum
423 2808 549 2892 scribit,
587 2807 740 2873 adnotata
773 2808 977 2893 leguntur*);
1016 2827 1098 2890 quae
1132 2807 1198 2872 fere
1233 2807 1339 2871 omnia
1374 2808 1408 2872 in

270 2935 277 2941 ,.
287 2933 475 2940 --..----.

337 2982 360 3044 *l
382 2981 518 3049 Exempla
536 2981 660 3035 locorum
678 2982 707 3034 in
726 2980 832 3035 eodieis
850 2981 975 3048 margine
990 2981 1147 3035 extantium
1165 2978 1278 3050 profero
1297 2996 1332 3033 ex
1352 2981 1409 3035 ini-

176 3084 180 3092 ·
268 3068 309 3121 tio
327 3067 439 3124 violarii
457 3070 547 3135 petita
564 3068 649 3122 haec:
682 3069 713 3122 Ρ.
728 3066 852 3138 impio
866 3065 896 3119 di
913 3097 948 3106 —
967 3064 1124 3139 ἱδρυμέναι,
1147 3072 1176 3120 et
1192 3064 1408 3135 Ἀλαλκομενηῒς

267 3156 398 3226 μέντοιγε
421 3186 455 3194 -
479 3158 620 3227 τραφεῖσα
638 3155 778 3208 Βοιωτοῦ,
823 3152 852 3205 Ρ.
874 3155 889 3203 9
915 3149 1118 3225 ἀλευρὸμανῐις
1141 3183 1176 3191 -
1199 3148 1405 3222 μαντεύεσθαι.

268 3243 299 3295 Ρ.
317 3244 347 3293 12
366 3247 428 3295 tota
447 3241 542 3309 glossa
561 3241 691 3313 περὶτοῦ
709 3236 827 3310 αἵματος
844 3242 894 3291 τοῦ
914 3237 1078 3309 ἐπιβωμίου.
1117 3240 1148 3293 Ρ.
1165 3241 1196 3289 14
1215 3235 1259 3290 διὸ
1278 3237 1325 3289 καὶ
1346 3235 1409 3310 ἱερὰ

269 3325 353 3392 αὐτῆς
376 3357 412 3366 -
434 3327 552 3395 λέγεται.
590 3329 621 3381 Ρ.
640 3329 668 3377 15
695 3323 725 3377 αἱ
750 3326 780 3380 δὲ
804 3322 886 3377 αὐτοὶ
911 3328 991 3390 νῆσοι
1015 3341 1104 3395 usque
1127 3326 1163 3379 ad
1188 3324 1269 3378 finem
1294 3323 1409 3392 glossae

269 3414 332 3485 περὶ
360 3409 464 3465 Αἰόλου
496 3430 531 3467 ex
557 3413 699 3468 Eustathii
727 3415 763 3467 ad
790 3413 957 3481 Dionysium
983 3411 1159 3479 Periegetam
1188 3412 1406 3466 commentariis.

269 3500 386 3554 Omnino
404 3516 475 3571 quos
494 3517 528 3554 ex
547 3500 596 3553 illo
614 3504 728 3553 auetore
744 3498 859 3553 exhibet
877 3499 955 3552 loeos
967 3499 1095 3552 Eudoeia
1107 3503 1172 3552 ante
1190 3501 1271 3566 pli,
1291 3498 1319 3550 in
1333 3513 1408 3551 mar-

268 3590 334 3656 gine
352 3602 447 3640 omnes
466 3585 620 3641 collocatos
638 3587 776 3642 videmus.
810 3587 849 3644 tP.
867 3588 897 3635 31
918 3584 981 3654 περὶ
993 3580 1153 3653 Ἀμαζόνων
1171 3585 1259 3640 verba
1277 3580 1409 3636 οἰκοῦσαι

269 3671 339 3747 πρὸς
362 3676 400 3742 τῷ
425 3667 601 3743 θερμώιλονει
620 3689 637 3726 a
655 3672 823 3727 Villoisonio
842 3671 961 3735 omissa,
989 3687 1016 3738 p.
1032 3672 1064 3722 38
1087 3665 1199 3741 Τράλλα
1222 3699 1255 3707 -
1279 3668 1357 3720 mlo
1378 3677 1408 3723 et

262 3757 390 3831 Ἔφεσον
409 3788 439 3796 -
461 3755 572 3828 ἄφυσον
596 3764 625 3811 et
642 3759 672 3811 in
690 3759 786 3825 glossa
805 3756 868 3829 περὶ
885 3755 1051 3826 Ἀμαλθείας
1069 3757 1156 3810 verba
1174 3756 1239 3810 inde
1264 3754 1301 3809 ab
1320 3751 1409 3827 ἕτεροι

269 3846 299 3899 δὲ
311 3843 344 3898 τὸ
357 3848 406 3898 τοῦ
419 3841 525 3915 μύθου.
558 3843 649 3908 Quare
668 3845 764 3898 neseio
778 3861 812 3898 an
825 3848 892 3897 ante
910 3860 938 3912 p.
948 3844 990 3906 41,
1011 3842 1060 3896 ubi
1080 3841 1142 3914 περὶ
1155 3837 1302 3909 Αἰγύπτου
1321 3847 1409 3909 eaput

270 3949 304 3986 ex
322 3932 465 3986 Eustatbii
485 3933 521 3985 ad
540 3931 622 3985 Dion.
644 3931 849 3985 commentariis
874 3930 902 3983 in
927 3934 1008 3984 textu
1026 3929 1139 3996 legitur,
1165 3929 1195 3982 in
1219 3944 1281 3981 eum
1300 3927 1408 3981 fontem

269 4036 324 4072 non
342 4019 475 4072 inciderit
493 4018 619 4071 Eudoeia
637 4023 665 4071 et
684 4033 754 4086 quae
773 4021 838 4070 ante
857 4017 933 4070 illam
952 4016 1083 4084 paginam
1102 4016 1167 4068 inde
1185 4017 1350 4083 deprompta
1370 4016 1410 4068 le-

224 4159 226 4162 <
269 4113 380 4173 guntur,
407 4109 508 4174 postea
529 4105 557 4159 in
581 4105 704 4173 margine
730 4104 893 4168 addiderit.)
932 4101 988 4156 Sed
1013 4103 1083 4155 satis
1108 4102 1174 4154 mihi
1200 4103 1287 4155 multa
1309 4102 1409 4156 videor

270 4192 422 4261 protulisse
441 4193 576 4260 exempla,
598 4192 699 4262 quibus
718 4191 793 4261 quod
807 4191 871 4245 volo
884 4189 1032 4243 efficiatur.
1065 4188 1131 4242 Alia
1145 4190 1283 4256 quaedam
1302 4190 1408 4256 passim

269 4277 343 4332 infra
361 4278 509 4332 exhibebo.
1299 4285 1303 4290 ·
