2910 4882
277 351 317 410 ao
709 386 752 394 -
800 350 883 431 [332]
931 387 974 396 -

274 537 402 602 0bviam
424 536 494 601 lieri
516 537 729 620 observasset,
755 538 789 602 in
810 558 881 602 eam
897 538 1053 603 deductus
1077 544 1126 605 est
1148 538 1354 621 sententiam,
1380 547 1412 603 ut

273 641 313 705 ab
331 642 452 705 Ioanne
467 643 587 706 Tzetza
608 642 651 707 ad
674 641 875 707 emendanda
898 642 1005 707 fratris
1028 642 1134 707 Issaei
1156 641 1279 706 scholia
1302 642 1412 706 Eudo-

275 745 344 809 ciae
367 744 483 809 librum
506 744 665 810 adscitum
682 764 752 810 esse
776 746 983 812 existimaret.
1031 746 1149 811 Contra
1171 744 1273 810 Flacb
1296 766 1330 829 p.
1353 749 1407 810 131

271 851 385 911 -140
407 845 454 912 ita
484 847 567 912 hanc
596 849 816 932 quaestionem
846 849 1003 934 explicat,
1037 855 1073 913 ut
1094 847 1269 912 Eudociam
1296 847 1410 913 codem

271 957 414 1016 veterum
449 950 668 1034 Lycophronis
703 952 894 1017 scholiorum
929 953 1009 1017 libro
1043 950 1280 1035 corruptissimo
1319 970 1409 1015 usam

271 1074 343 1120 esse
365 1074 426 1137 quo
449 1056 585 1119 Tzetzas
608 1054 722 1120 fratres
753 1061 882 1136 statuat,
916 1057 1144 1139 ingentemque
1167 1052 1318 1119 vitiorum
1342 1054 1410 1120 foe-

270 1157 473 1224 dissimorum
507 1159 671 1224 Eudoeiac
705 1179 776 1224 cum
809 1158 902 1225 codd.
937 1160 1015 1223 Vitt.
1042 1163 1060 1222 2
1084 1162 1157 1225 ct3
1192 1159 1408 1224 communium

269 1262 385 1325 molem
408 1282 429 1325 a
443 1262 570 1327 Tnetzis
592 1262 674 1347 ipsis
697 1262 924 1328 escholiorum
947 1263 1028 1328 libro
1051 1262 1208 1347 patienter
1230 1263 1408 1347 excriptam

270 1381 340 1428 esse
364 1363 426 1429 sibi
449 1365 620 1448 persuasit.
667 1363 760 1442 Quod
783 1365 810 1430 si
831 1364 903 1447 quis
920 1365 1051 1430 Flaohio
1074 1365 1194 1448 credat,
1221 1364 1252 1430 ei
1267 1367 1407 1431 Tzctzae

266 1467 345 1551 ipsis
357 1468 484 1532 Tuetzis
495 1468 668 1553 ineptiores
681 1468 782 1535 fuisse
794 1468 929 1553 putandi
941 1468 1014 1534 sint.
1044 1470 1095 1533 An
1106 1489 1164 1554 pro
1175 1469 1324 1535 versibus
1337 1470 1402 1536 his:

375 1605 516 1690 Παιὸνῴ
539 1599 570 1669 δ’
590 1600 717 1689 οὔνομα
741 1611 825 1694 θῆκε
849 1611 1033 1692 Πορίσσον,
1061 1600 1134 1670 ἀλλ’
1152 1604 1289 1694 Ἀχιλῆα

437 1704 572 1795 Πηλεὺς
595 1709 749 1795 κίκλησκε
772 1711 901 1791 χείλεος
924 1707 1035 1776 εἵνεκά
1057 1733 1127 1793 μιν.

374 1817 539 1897 Κείμενον
562 1811 625 1878 εἰνὶ
647 1810 739 1878 κόνει
762 1814 886 1899 σποδιῇ
910 1812 968 1878 ἐπὶ
990 1820 1058 1899 πῦρ
1083 1807 1259 1899 ἀπάμερσε

436 1919 579 1992 Χείλεος
602 1915 791 2000 αἰθομένου
814 1911 1024 2004 ἀπροφάτως
1048 1915 1174 2003 ἑτέρον.

263 2056 304 2120 ab
335 2056 462 2121 homine
486 2056 679 2121 Graecarum
707 2055 884 2122 litterarum
914 2056 1016 2141 perito
1046 2076 1150 2139 neque
1176 2058 1273 2140 plane
1297 2056 1403 2124 Grae-

263 2178 368 2224 corum
392 2180 541 2225 versuum
570 2159 812 2244 pangendorum
838 2159 954 2242 'ignaro
985 2160 1080 2225 scribi
1107 2166 1279 2246 potuerunt
1301 2163 1404 2227 verba

262 2262 343 2329 haec
374 2282 470 2329 sensu
503 2263 600 2347 plane
633 2263 774 2327 carentia
803 2261 852 2342 (cf.
878 2263 961 2327 Eud.
987 2283 1019 2347 p.
1039 2266 1129 2347 ilbi:
1170 2262 1296 2327 παῖδα·
1327 2271 1404 2349 4ννιῖι

262 2359 434 2449 ὄόὔνομα
457 2371 542 2453 θῆκε
567 2365 746 2450 παρίδοον·
782 2359 867 2428 ἀλλὰ
889 2363 1043 2447 Ἀχιλλέα
1065 2363 1200 2452 Πηλεὺς
1228 2367 1397 2452 κέκληκεν,

261 2466 371 2550 ἓχίλος
394 2467 505 2535 εἵνεκά
527 2493 586 2553 μιν
609 2472 763 2551 κείμενον
787 2466 836 2534 ἐνὶ
859 2473 953 2554 κονίῃ
978 2469 1112 2554 σποδιῇ,
1147 2468 1197 2535 ἐνὶ
1220 2476 1288 2555 πῦρ
1314 2467 1401 2535 ἁπέ-

258 2596 360 2659 μερσε
382 2575 502 2655 χίλεος,
531 2567 589 2637 ἅτε
611 2576 688 2654 βίον
712 2566 944 2659 ἀπροσφάτως
968 2571 1104 2658 {reponi
1150 2573 1240 2652 Haeo
1268 2595 1398 2640 eorum-

260 2697 322 2758 que
346 2678 464 2742 similia
487 2677 574 2742 stulti
598 2684 631 2742 et
652 2676 772 2741 indocti
800 2677 922 2741 librarii
945 2697 1079 2761 peccare
1110 2682 1299 2762 potuerunt,
1334 2700 1398 2745 non

259 2778 740 2864 [1011111111Ττοίτεο111111117
774 2800 853 2863 quos
882 2781 915 2844 in
938 2781 1052 2845 litteris
1075 2780 1211 2846 Graccis
1240 2802 1304 2846 non
1328 2803 1398 2848 me-

259 2884 406 2950 diocriter
428 2891 570 2949 versatos
594 2902 667 2948 esse
690 2889 824 2948 constat.

344 3005 542 3089 improbavit
556 3004 682 3069 Flachii
706 3005 896 3070 sententiam
918 3005 1100 3089 nupenime
1120 3006 1239 3071 Schecr
1260 3007 1294 3071 in
1309 3007 1393 3074 Mus.

256 3109 358 3174 Rhen.
385 3109 530 3173 XXXIV
551 3130 584 3193 p.
611 3110 672 3171 473
701 3109 808 3173 adnot.
839 3113 872 3188 1,
904 3109 958 3191 qui
982 3129 1038 3173 cur
1058 3109 1130 3192 ipse
1152 3111 1304 3175 Tuetzam
1328 3112 1395 3176 Eu-

256 3212 348 3277 docia
370 3232 463 3277 usum
479 3232 550 3277 esse
574 3211 694 3294 credat,
720 3232 782 3277 non
805 3231 970 3294 assequor.
1017 3211 1177 3295 Quotquot
1199 3213 1284 3278 enim
1307 3214 1396 3280 locos

255 3336 286 3400 p.
318 3319 377 3380 129
401 3336 448 3399 sq.
480 3315 581 3380 Flach
616 3321 781 3380 enumerat
815 3315 958 3399 aliosque
992 3334 1054 3378 non
1088 3337 1206 3399 paucos
1236 3338 1254 3382 e
1284 3318 1395 3384 codice

255 3420 393 3483 Tzetzae
417 3419 585 3483 deterrimo
610 3418 770 3500 similique
793 3418 1117 3501 Vittembergcnsium
1142 3419 1272 3484 illorum
1295 3420 1395 3487 habet

254 3522 462 3598 Phavorinus,
490 3521 702 3587 ePhavorino
718 3521 872 3586 Eudocia.
913 3522 1071 3605 Exempla
1092 3522 1251 3606 proferam
1274 3545 1390 3609 pauca.

340 3645 375 3707 P.
395 3646 434 3706 43
459 3643 539 3728 περὶ
561 3639 776 3718 Ἀντικλείας.
825 3644 975 3708 Tzetzam
998 3642 1031 3707 in
1054 3642 1132 3726 Lyc.
1155 3645 1216 3707 786
1240 3643 1394 3711 describit

253 3748 455 3813 Phavorinus
477 3769 509 3832 p.
530 3750 603 3830 207,
630 3746 842 3812 Phavorinum
866 3745 1024 3811 Eudocia:
1052 3739 1196 3822 ὕσαντος
1219 3746 1309 3813 πολὺ
1332 3756 1394 3816 τοῦ

252 3849 337 3927 Διός
360 3853 480 3932 Treta,
513 3845 657 3927 ἄσαντος
681 3851 822 3914 πολίτοο
844 3848 936 3925 τινος
959 3851 1059 3915 Phav.
1085 3850 1167 3914 Eud.
1214 3852 1304 3916 Nihil
1327 3854 1393 3937 181-

252 3962 303 4019 tur
326 3963 375 4020 est
397 3955 600 4020 tribuendum
623 3955 674 4036 iis,
709 3974 792 4035 quae
816 3953 856 4019 de
880 3954 966 4019 fonte
989 3954 1150 4019 Eustathii
1173 3962 1205 4020 et
1226 3954 1391 4024 Eudociae

252 4066 284 4123 e't
306 4058 346 4123 dc
368 4059 483 4124 litteris
506 4058 686 4149 uncialibus
709 4056 809 4121 Flaeh
833 4079 865 4142 p.
888 4061 947 4121 112
970 4059 1162 4141 pronuntiat.

267 4245 269 4248 Α
336 4162 372 4225 Ρ.
395 4167 455 4227 103
479 4162 632 4247 περὶτῆς
648 4157 796 4246 Δανάης.
838 4160 929 4224 Duae
944 4158 1116 4226 Phavorini
1132 4163 1270 4245 glossae,
1298 4184 1330 4247 p.
1347 4170 1390 4230 98

251 4261 417 4349 Άκρίσιος
445 4265 561 4348 (Schol.
581 4266 643 4348 Ap.
663 4263 723 4327 Rh.
743 4264 787 4327 IV
809 4264 900 4347 1091)
930 4269 961 4327 et
984 4285 1014 4346 p.
1039 4267 1099 4327 119
1123 4262 1242 4350 Δανάη
1265 4266 1385 4348 (Tacta.
