2910 4882
593 373 635 380 -
684 335 768 416 [aar]
816 373 857 380 -
1275 338 1294 399 o

157 544 218 589 nee
240 529 347 588 tamen
370 544 410 588 ex
433 523 512 607 ipsis
530 523 680 604 fontibus,
709 523 768 589 sed
790 524 1003 590 ePhavoriuo
1019 531 1174 608 sumptas.
1210 526 1293 590 Nam

158 627 264 712 siquid
287 628 342 692 ille
365 627 398 692 in
421 627 554 692 fontium
585 633 674 694 textu
704 634 822 709 mutat,
858 649 920 693 non
951 649 1021 693 oum
1048 629 1115 694 illis
1139 629 1290 711 Eudooia,

159 730 217 796 sed
239 752 312 796 cum
335 730 514 796 Phavorino
538 731 709 810 consentit;
743 736 911 817 praeterea
931 731 1074 816 integros
1097 731 1202 798 sontes
1224 733 1290 817 ille,

157 837 190 901 in
206 835 429 920 compendium
452 834 598 901 redactos
617 835 748 901 exhibet
762 836 888 901 violarii
902 842 1022 902 auctor.
1055 836 1194 900 Primam
1217 857 1294 921 par·
1335 909 1336 912 Ἴ

157 945 221 1004 tem
250 940 347 1004 habet
375 938 574 1004 Phavorinus
597 961 629 1024 p.
654 941 713 1002 271
738 938 924 1022 ibidemque
954 939 1137 1004 coniunctas
1165 940 1291 1005 tertiam

158 1049 191 1108 et
213 1048 377 1125 quartam;
404 1042 506 1107 altera
528 1042 614 1126 apud
636 1041 773 1108 eundem
796 1049 885 1108 extat
906 1064 938 1127 p.
958 1045 1032 1106 269.

246 1151 275 1211 3.
309 1148 397 1234 Περὶ
425 1155 486 1213 τοῦ
514 1147 655 1233 δέραιος
683 1154 743 1213 τοῦ
769 1143 1017 1234 χρυσομάλλου.
1055 1147 1139 1213 Eud.
1165 1171 1197 1233 p.
1218 1151 1290 1212 108.

157 1253 269 1318 Partes
292 1254 421 1337 glossae
445 1258 518 1318 sunt
540 1253 616 1335 hae:
651 1255 680 1338 a)
702 1252 858 1338 δέρας-
880 1250 996 1339 Κριόν.
1023 1252 1130 1318 Schol.
1150 1253 1210 1337 Ap.
1229 1253 1290 1319 Rh.

158 1357 213 1439 IV,
241 1358 311 1419 177.
353 1357 365 1441 ΙΙ
400 1357 429 1441 b)
458 1357 515 1420 καὶ
543 1355 643 1443 δέρας
674 1395 711 1403 -
745 1354 925 1442 ἐνέργειαν.
973 1357 1115 1422 Zonaras
1141 1358 1293 1441 1148111

159 1463 184 1543 c)
212 1461 269 1524 aul
291 1458 463 1547 χάραξ-
487 1465 582 1547 φησί.
622 1461 713 1526 Eust.
738 1461 780 1526 ad
802 1461 937 1545 Dionys.
969 1461 1042 1527 Per.
1061 1462 1135 1524 689.
1189 1461 1293 1544 Atque

159 1565 360 1631 Eustathium
391 1564 521 1648 quidem
546 1566 653 1649 ipsum
682 1565 817 1631 excribit
842 1564 995 1630 Eudooia.
1043 1565 1134 1643 Quae
1161 1584 1293 1650 praeoe-

159 1669 247 1751 dunt,
280 1669 453 1736 Phavorini
476 1669 526 1735 ed.
552 1668 731 1734 Basileensi
753 1690 785 1753 p.
804 1672 867 1733 469
890 1668 1000 1734 deberi
1032 1688 1102 1734 cum
1128 1668 1204 1734 inde
1234 1691 1294 1754 ap

157 1781 258 1859 paret,
293 1774 378 1856 quod
407 1773 470 1839 duo
497 1773 543 1838 ibi
566 1773 671 1840 fontes
695 1773 806 1839 eodem
838 1773 948 1838 ordine
979 1774 1136 1839 coniuncti
1169 1779 1288 1856 extant,

158 1883 224 1942 tum
246 1876 322 1943 inde
344 1876 445 1959 quod,
480 1898 562 1962 quae
592 1878 680 1962 apud
708 1877 799 1942 illum
829 1877 1100 1962 typographorum
1124 1877 1294 1942 Basileon-

159 1981 276 2064 sium*)
304 1982 399 2066 culpa
428 2002 485 2066 pro
515 1981 628 2047 scholii
658 1980 763 2046 verbis
793 1980 843 2047 his
867 1979 1055 2067 Σιμωνίδης
1085 1979 1188 2045 ποτὲ
1218 1980 1294 2062 μέν

158 2081 310 2150 λευκὸν
339 2084 423 2148 ποτὲ
453 2084 489 2149 δὲ
519 2091 721 2171 πορφυροῦν
750 2084 900 2167 leguntur
930 2083 1119 2169 Σιμωνίδης
1148 2083 1232 2148 ποτὲ
1256 2083 1292 2148 δὲ

158 2193 376 2274 πορφυροῦν,
414 2192 448 2252 ut
478 2206 573 2253 sensu
604 2188 745 2253 carentia
774 2187 918 2254 Eudoeia
951 2187 1076 2252 omittit.
1128 2187 1291 2271 integrum

157 2289 270 2355 scholii
293 2295 414 2355 textum
434 2289 490 2356 dat
504 2292 649 2356 Romana
671 2289 768 2356 editio
788 2293 879 2355 1523.
927 2291 1033 2357 Verba
1055 2291 1112 2355 καὶ
1135 2289 1292 2376 δέρας-

159 2393 329 2478 ἐνέργειαν
357 2394 456 2460 Flach
480 2416 512 2479 p.
534 2397 572 2458 79
596 2401 628 2460 et
653 2399 712 2459 172
736 2416 776 2461 ex
798 2416 957 2480 anonymo
984 2393 1025 2460 de
1050 2394 1292 2461 incredibilibus

162 2496 225 2580 (ed.
243 2498 465 2563 Westermann
487 2485 646 2583 mythog'r.
672 2521 704 2583 p.
725 2500 796 2582 321)
824 2499 875 2564 vel
899 2498 1004 2582 potius
1028 2518 1068 2563 ex
1092 2497 1212 2563 scholio
1231 2498 1293 2562 ali-

157 2622 218 2684 quo
241 2601 311 2667 eius
333 2601 420 2668 fonte
443 2601 588 2667 derivata
611 2621 682 2668 esse
705 2603 886 2667 arbitratur.
934 2603 983 2666 Ab
1002 2602 1145 2666 Eudocia
1165 2623 1228 2666 non
1252 2622 1292 2666 ex

156 2706 217 2770 hoe
239 2704 335 2787 fonte,
363 2705 419 2772 sed
444 2706 657 2773 ePhavorino
679 2706 794 2772 hausta
817 2727 857 2771 ea
878 2724 950 2771 esse
973 2705 1155 2783 docuimus3
1182 2726 1292 2771 verum

157 2827 198 2872 ne
228 2807 283 2872 ille
312 2807 441 2890 quidem
470 2829 627 2895 anonymo
656 2809 771 2891 utitur,
803 2809 861 2875 sed
884 2809 1029 2874 Zonaras
1056 2809 1125 2874 loco
1147 2807 1289 2893 laudato,

157 2931 175 2976 e
199 2910 300 2977 Suida
322 2919 483 2998 excerpto.

243 3119 302 3184 His
330 3120 456 3185 Flachii
483 3120 639 3204 exemplis
669 3120 732 3186 duo
761 3120 839 3184 mihi
873 3119 993 3184 addere
1028 3119 1140 3199 liceat,
1178 3119 1293 3203 quibus

157 3222 330 3287 Phavorini
346 3222 485 3290 editione
501 3223 682 3288 Basileensi
698 3244 727 3288 a.
749 3226 829 3287 1538
846 3242 938 3289 usum
955 3242 1026 3288 esse
1040 3222 1167 3287 violarii
1182 3230 1292 3288 aucto-

156 3346 222 3389 rem
246 3333 412 3411 appareat.

247 3436 275 3493 1.
301 3430 388 3514 Περὶ
410 3426 616 3512 Άμαδόκων.
657 3428 739 3494 Eud.
765 3450 796 3513 p.
817 3434 868 3495 37.

243 3533 475 3618 Harpocration
497 3533 519 3597 i.
546 3555 577 3597 v.
610 3530 813 3615 Άμάδοκαςε
851 3527 1043 3620 Ἰσοκράτης
1075 3534 1288 3616 Φιλιππικιῖι·

157 3635 217 3701 δύο
240 3635 418 3720 γεγόνασιν
433 3627 536 3717 οὗτοι,
563 3634 675 3724 πατὴρ
699 3638 757 3701 καὶ
777 3635 860 3718 οἷὸς,
888 3635 925 3713 ὃς
948 3638 1004 3701 καὶ
1022 3638 1186 3721 Φιλίππῳ
1207 3658 1291 3718 oup-

158 3737 321 3826 μαχηοων
350 3729 457 3827 ἦλθεν
486 3739 548 3816 εἰς
579 3738 651 3807 τὸν
684 3737 791 3827 πρὸς
820 3741 1155 3826 Κερσοβλέπτην
1188 3737 1291 3803 πόλε-

227 3929 248 3993 *t
279 3931 310 3984 In
335 3932 461 3985 Romana
488 3932 613 3986 editione
641 3948 674 3986 ea
701 3932 788 3986 verba
814 3931 871 3998 legi
899 3929 973 3984 Guil.
1000 3931 1124 3984 Kuester
1149 3930 1291 3998 popularis

158 4031 235 4070 meus
253 4016 424 4087 philologiae
443 4017 471 4070 in
488 4019 634 4073 academia
652 4019 792 4087 Lipsiensi
811 4017 925 4071 deditus
944 4033 1051 4070 mecum
1066 4017 1289 4080 communicavit,

157 4103 237 4157 cuius
262 4103 426 4158 liberalitati
451 4104 557 4168 omnia,
584 4121 655 4174 quae
675 4106 710 4158 de
729 4105 855 4158 Romana
873 4104 1023 4157 Phavorini
1048 4103 1172 4158 editione
1196 4103 1292 4174 profo-

156 4204 225 4254 ram‚
248 4189 351 4244 debere
370 4206 414 4244 me
432 4197 515 4258 grato
527 4192 620 4248 animo
638 4189 738 4249 fateor.
775 4189 958 4264 Argentorati
978 4190 1050 4245 enim
1069 4206 1124 4247 uua
1136 4190 1292 4265 Basileensi

157 4274 199 4335 uti
218 4274 284 4334 mihi
304 4275 418 4335 licebat.
