2910 4882
182 305 221 367 14
277 231 279 236 ³
615 342 656 350 -
704 306 787 386 [ano]
836 342 878 350 -
968 288 969 293 '

178 488 327 574 νώμενος
349 493 400 556 Ε1.
425 493 481 574 Μ.,
509 497 627 578 κέρασι
648 491 871 576 γεννώμενος
894 494 993 575 Ζ111.,
1019 495 1137 576 κέρασι
1160 487 1319 574 γενώμε-

181 595 356 670 νοςΡ111τ.
374 594 455 659 Eud.
489 596 603 679 Neque
617 596 651 660 in
666 597 780 662 eadem
796 598 905 680 glossa
920 617 953 679 p.
971 597 1030 658 119
1045 594 1145 659 verba
1160 587 1181 679 ἢ
1197 587 1320 666 ὡσανεὶ

180 696 352 773 Διάλυσος
375 737 412 744 -
439 700 540 764 τοῦλ
563 698 843 783 εἰςν111Ε1γ111.
870 700 913 762 M.
938 719 971 783 p.
990 701 1064 780 277,
1084 702 1135 780 51,
1163 695 1318 762 sedeam

179 802 268 866 illius
298 802 426 885 glossae
455 804 597 867 maxima
627 809 718 887 parte
751 824 769 868 e
800 802 932 869 Cornuti
965 801 1106 868 editione
1135 799 1319 866 Basileensi

182 913 308 990 sumpta
333 912 417 970 sunt.
465 905 514 970 ef.
541 905 662 971 Osann.
688 907 731 972 ad
753 907 846 972 Corn.
873 928 906 992 p.
928 910 987 971 173
1011 905 1053 969 ad
1075 926 1107 969 v.
1133 901 1305 980 διάλυσος.

267 1009 303 1073 P.
332 1014 389 1072 151
415 1010 496 1095 περὶ
517 1017 577 1075 τοῦ
595 1004 782 1097 Ἐρεχθέως
810 1018 877 1076 tota
904 1010 1014 1094 glossa
1042 1009 1219 1074 seeundum
1242 1009 1318 1071 Fla-

182 1111 288 1176 ohium
311 1112 354 1177 ad
375 1113 515 1198 Etymol.
541 1115 584 1178 M.
609 1135 642 1199 p.
669 1119 742 1197 371,
769 1118 810 1179 34
832 1113 925 1180 redit.
973 1113 1015 1178 At
1041 1112 1087 1177 ibi
1113 1133 1177 1177 non
1205 1117 1318 1176 extant

180 1217 279 1280 verba
302 1209 322 1302 ἢ
346 1212 442 1301 παρὰ
465 1213 502 1280 τὸ
527 1214 659 1303 έρέχθιο
682 1216 719 1282 τὸ
743 1224 834 1284 κινῶ.
880 1218 982 1282 lmmo
1012 1216 1094 1281 haeo
1116 1222 1165 1281 est
1187 1215 1316 1298 glossae

181 1319 286 1402 origo:
318 1320 343 1404 l)
361 1314 540 1405 Ἐρεχθεὺς
556 1360 597 1368 -
613 1328 693 1386 κινῶ
707 1321 885 1387 Phavorino
902 1321 1069 1403 debentur,
1095 1319 1215 1403 quippe
1231 1317 1317 1401 apud

180 1442 275 1504 quem
297 1421 409 1487 eodem
433 1424 543 1490 ordine
567 1445 708 1491 conexae
726 1426 876 1509 legantur
890 1417 977 1490 duae
989 1428 1116 1509 partes:
1138 1416 1317 1507 Ἐρεχθεὺς

183 1524 279 1591 -ἒν
293 1533 332 1611 τῇ
348 1533 388 1611 γῇ
411 1528 462 1592 Ε1.
480 1529 523 1591 Μ.
542 1529 565 1592 l.
584 1529 606 1591 l.
633 1535 665 1593 11
687 1524 970 1616 ἢτταρά-κινώ
991 1529 1099 1592 Treta.
1119 1527 1197 1610 Lyo.
1220 1522 1318 1608 15311

184 1632 214 1711 2)
241 1629 332 1706 Quae
356 1637 610 1713 sequunturaut
631 1652 649 1697 e
672 1633 785 1698 Nonno
811 1633 854 1697 ad
878 1632 911 1696 S.
938 1630 1085 1714 Gregorii
1105 1630 1139 1694 in
1161 1629 1223 1693 Iul.
1250 1628 1314 1691 inv.

182 1732 224 1813 ΙΙ,
252 1736 291 1794 27
316 1740 372 1797 1111
394 1753 412 1798 1
435 1752 493 1799 suo
516 1733 618 1818 ipsius
641 1735 773 1800 violario
796 1757 829 1819 p.
850 1741 866 1798 7
890 1734 988 1800 habet
1009 1733 1163 1798 Eudooia.

142 1896 143 1899 ,
267 1836 303 1899 P.
330 1839 392 1900 2611
415 1838 496 1922 περὶ
517 1844 578 1902 τοῦ
592 1836 703 1913 Διός.4
728 1839 785 1902 καὶ
800 1837 985 1924 ἑρκεῖος-
1001 1841 1111 1922 στέγη.
1146 1837 1192 1899 'In
1208 1835 1314 1918 Etym.

181 1939 224 2002 M.
252 1942 325 2020 375,
352 1943 392 2004 23
416 1961 488 2005 oum
512 1941 593 2006 haeo
613 1962 677 2006 non
700 1943 806 2007 omnia
828 1949 953 2024 extent,
981 1941 1044 2005 alio
1067 1940 1153 2004 fonte
1175 1936 1318 2002 Eudooia

183 2062 242 2106 usa
271 2044 313 2108 111
342 2062 475 2109 neeesse
505 2051 564 2109 est.
611 2046 652 2110 Et
680 2066 714 2110 re
744 2039 1318 2132 τ111Ἓρκεῑος-3άνη811111

181 2145 277 2211 debet
303 2146 503 2212 Phavorinus
525 2167 558 2231 p.
586 2153 665 2229 750,
684 2150 877 2235 ¹Phavorino
900 2149 1053 2214 Mudooia.
1093 2148 1105 2231 ll
1142 2144 1318 2227 βωμοὶ-

180 2247 334 2334 ἵδρυνται
364 2251 500 2334 Suidas,
537 2251 652 2336 βωμὸς
675 2292 717 2299 -
738 2252 872 2339 ἵδρυται
893 2254 995 2317 Phav.
1021 2251 1102 2316 Eud.
1144 2250 1155 2335 ll
1194 2243 1245 2322 οἷς
1269 2245 1318 2332 εἰἠ

181 2352 308 2435 Suidas,
336 2349 387 2429 οἷς
401 2344 442 2440 ἦν
456 2356 557 2420 Phav.
576 2356 658 2420 Eud.
685 2358 697 2441 ΙΙ
724 2353 810 2442 πρὸς
833 2361 929 2423 κίονα
953 2355 1065 2442 ἑρκίον
1081 2357 1199 2439 στέγης
1222 2350 1316 2416 Suid.

181 2455 301 2538 Pham,
340 2452 427 2542 ττρὸς
455 2462 551 2522 κίονα
582 2464 699 2546 στέγης
725 2461 807 2525 nuo.
849 2462 860 2544 ll
898 2459 1035 2544 μάστιγι
1063 2464 1199 2543 πρῶτον
1227 2462 1318 2520 νῶτα

181 2559 286 2640 Suid,
311 2558 450 2644 μάστιγι
471 2569 588 2647 πρῶτα
611 2564 710 2629 Phar.
736 2565 819 2629 Eud.

267 2664 303 2727 P.
329 2667 391 2728 206
421 2669 572 2749 Λέγεται
602 2666 638 2730 δὲ
659 2661 780 2743 Ἥλιος
809 2706 853 2714 -—
879 2672 1010 2752 γένεσιν
1039 2663 1125 2746 ’έχων
1154 2683 1218 2728 non
1246 2682 1319 2726 oum

182 2767 287 2850 Etym.
305 2768 349 2830 M.
368 2770 442 2851 426,
460 2773 512 2851 46,
539 2772 598 2836 sed
620 2791 692 2836 oum
714 2773 832 2837 Tretaa
854 2772 896 2836 ad
916 2770 1048 2836 Hesiodi
1072 2789 1169 2852 opera
1192 2773 1224 2831 et
1247 2766 1319 2830 dies

185 2874 243 2932 164
267 2870 464 2937 adverbum
487 2882 674 2957 congruunt.

269 2975 341 3038 Non
363 2975 471 3041 inveni
494 2979 581 3062 apud
599 2979 815 3044 Phavorinum
838 2979 964 3061 glossas
987 2979 1062 3042 has:
1089 2977 1125 3040 P.
1145 2978 1207 3043 266
1231 2973 1321 3057 Περὶ

185 3076 358 3164 Κεφάλου.
405 3080 456 3145 of.
484 3082 591 3166 Etym.
617 3082 660 3145 M.
689 3085 759 3164 144,
786 3084 838 3145 22.
886 3081 989 3159 Quam
1020 3081 1160 3163 glossam
1191 3084 1321 3162 propter

185 3182 316 3247 nimiam
338 3184 371 3248 in
394 3185 500 3250 verbis
525 3184 772 3270 discrepantiam
801 3205 864 3250 non
888 3206 928 3250 ex
950 3185 1002 3249 Ε1.
1027 3183 1085 3265 Μ.,
1119 3182 1177 3247 sed
1205 3181 1270 3245 alio
1303 3201 1320 3245 e

184 3285 270 3350 fonte
293 3286 398 3351 adhuo
421 3288 630 3354 delitescente
652 3287 784 3352 fluxisse
807 3289 996 3353 existimem.
1032 3288 1101 3351 Neo
1123 3285 1227 3368 magis
1243 3304 1321 3348 oon-

183 3389 256 3472 tigit
278 3389 357 3454 mihi
379 3397 413 3455 ut
436 3391 719 3476 deprehenderem,
745 3391 831 3456 unde
850 3413 882 3475 p.
903 3395 963 3456 394
987 3393 1086 3456 verba
1110 3388 1141 3454 οἱ
1164 3387 1200 3452 δὲ
1224 3380 1321 3471 daor-

184 3495 338 3577 βέστεροι
359 3529 402 3538 -
425 3488 494 3558 άπὸ
520 3491 643 3580 άρκτου
666 3494 866 3574 (1111111111;
892 3516 976 3578 quae
998 3514 1103 3576 neque
1125 3491 1211 3577 apud
1234 3491 1322 3555 Pha-

184 3596 329 3661 vorinum
358 3596 506 3663 videntur
535 3605 644 3663 extare
674 3617 778 3680 neque
808 3599 1027 3683 Etymologioo
1050 3599 1093 3662 M.
1118 3620 1150 3681 p.
1180 3600 1251 3676 144,
1279 3596 1320 3657 23

184 3699 255 3784 ipso
284 3719 377 3765 usum
407 3721 479 3766 esse
505 3700 566 3767 hoo
588 3702 658 3766 loeo
681 3701 847 3766 falsarium
870 3701 967 3767 faoile
990 3701 1069 3766 mihi
1090 3698 1318 3784 persuaserim,

183 3803 333 3885 quoniam
355 3802 389 3867 in
412 3805 545 3888 reliquis
566 3805 623 3869 illo
646 3804 733 3870 fonte
755 3805 924 3884 abstinuit.

272 3908 363 3986 Quae
386 3929 456 3974 oum
479 3909 525 3974 ita
548 3909 627 3990 sint,
660 3928 723 3972 non
750 3915 799 3974 est
821 3930 877 3974 eur
899 3929 970 3974 oum
992 3907 1123 3973 Flaohio
1145 3908 1323 3990 interpola-

185 4011 306 4077 toribus
329 4012 450 4095 aliquot
472 4013 559 4077 looos
580 4011 803 4076 attribuamus.
850 4013 962 4094 Neque
984 4013 1087 4076 altera
1108 4030 1231 4089 manus,
1262 4010 1321 4073 sed

185 4114 287 4198 ipsius
310 4114 435 4179 falsarii
456 4134 570 4180 manus
592 4115 625 4179 in
647 4115 792 4197 margine
813 4115 932 4179 oodiois
950 4114 1160 4198 adsoripsisse
1177 4113 1255 4177 mihi
1273 4114 1323 4177 vi-

190 4218 282 4283 detur
303 4219 401 4282 verba
423 4240 454 4302 p.
474 4224 493 4280 4
515 4216 774 4303 Ἀλαλκομενηῒς
795 4256 838 4267 -
861 4222 1024 4282 Βοιωτοῦ.
1071 4219 1153 4283 Nam
1178 4241 1242 4284 una
1264 4242 1321 4286 ea·

1057 4532 1158 4560 A
