2910 4882
595 372 633 381 -
682 335 767 418 [353]
815 374 856 380 -
1249 340 1287 398 rr

242 523 439 603 Argumenta
462 522 600 605 donique
622 523 796 608 Apollonii,
822 544 905 606 quae
927 546 958 609 p.
980 528 1051 606 146,
1071 527 1143 606 235,
1164 529 1226 589 419
1250 546 1291 590 ex
1394 599 1397 605 ,

157 624 314 710 exemplis
338 625 498 709 Apollonii
532 633 564 692 et
585 625 667 692 inter
697 646 732 693 se
756 626 977 693 differentibus
1006 647 1111 709 neque
1140 648 1211 692 oum
1233 649 1292 694 no-

157 729 231 794 stris
255 728 502 811 congruentibus
526 729 621 795 dueta
644 749 716 796 esse
738 731 837 796 Flaoh
860 752 892 815 p.
915 734 974 794 152
1001 737 1155 814 autumat,
1189 753 1207 799 e
1229 732 1292 797 Pa-

156 832 254 897 risino
284 831 391 898 oodioe
421 852 524 917 paene
554 832 596 898 ad
626 833 759 898 verbum
789 833 951 919 descripta
980 840 1063 900 sunt.
1110 834 1145 898 P.
1168 839 1228 898 146
1258 835 1291 900 in
1361 919 1362 922 Ἴ

157 936 263 1002 verbis
279 931 434 1018 Ἀθάμας
455 973 499 982 -
521 936 659 1022 τελευτᾷ
688 958 786 1002 unum
809 938 941 1003 verbum
971 943 1072 1003 mutat
1094 937 1237 1003 Eudooia
1258 939 1292 1004 in

157 1039 220 1106 fine
253 1045 382 1124 propter
413 1039 633 1124 insequentia:
680 1046 741 1106 τοῦ
770 1045 947 1107 Σκυθῶν
976 1041 1142 1123 βασιλέως
1172 1042 1289 1126 Paris,

158 1149 218 1207 τοῦ
248 1139 423 1224 Κόλχων
454 1147 533 1225 doto.
565 1143 649 1209 Eud.
681 1143 803 1227 (sedin
826 1147 962 1230 rasura).
997 1146 1008 1231 Ι)
1045 1146 1080 1210 Ρ.
1101 1148 1163 1209 234
1196 1143 1294 1231 Τυρώ

156 1284 199 1293 -
222 1267 254 1329 p.
273 1249 335 1310 236
359 1247 507 1331 τελευτᾷ.
554 1248 718 1314 Falsarius
740 1249 840 1315 verba
863 1243 880 1313 ὃ
904 1248 940 1312 δὲ
960 1242 1080 1314 Ἰάσων
1101 1287 1142 1298 -
1166 1246 1293 1335 φυγόν-

158 1373 215 1425 τος
237 1372 268 1434 p.
288 1353 350 1414 235
373 1350 505 1416 aliunde
528 1351 646 1417 intulit.
681 1354 694 1436 ΙΙ
730 1353 847 1416 Ρ.419
871 1353 1033 1438 περὶτοῦ
1057 1352 1184 1438 Φρίξου
1214 1372 1293 1417 eun·
1418 1437 1425 1442 N

157 1453 230 1518 dem
245 1454 425 1518 Parisinum
441 1454 585 1520 Eudoeia
601 1455 755 1538 sequitur,
775 1455 833 1521 sed
848 1455 1006 1522 immiscet
1020 1456 1121 1521 multa
1137 1476 1155 1521 e
1173 1454 1289 1538 (Schol.

156 1558 212 1622 Ar.
237 1558 412 1641 11111257)
440 1557 541 1622 Phav.
568 1579 598 1642 p.
619 1559 670 1621 48.

244 1765 261 1848 q
285 1769 315 1827 5.
362 1763 538 1831 HESIODI
561 1763 835 1831 SCHOLIORUM
857 1764 920 1831 duo
944 1783 1015 1830 esse
1042 1784 1163 1848 genera
1184 1771 1293 1830 notum

116 1914 120 1921 -
157 1876 222 1934 est:
252 1868 388 1933 alterum
403 1867 616 1951 antiquiorum
640 1873 672 1933 et
686 1868 877 1945 breviorum,
903 1889 986 1952 quae
1010 1889 1027 1933 e
1049 1868 1189 1953 pessimo
1206 1887 1290 1933 saeo.

157 1972 235 2036 XVI
258 1970 368 2037 codiee
392 1971 651 2055 Cantabrigiensi
687 1970 738 2055 (of.
762 1970 894 2038 Hesiod.
922 1971 972 2036 ed.
1000 1970 1294 2054 Goettling-Flaoh

157 2097 187 2160 p.
208 2074 354 2159 LXVIII)
381 2075 484 2160 prima
506 2074 682 2158 publicavit
700 2074 798 2140 editio
813 2074 1011 2141 Basileensis
1031 2078 1128 2154 1542;
1156 2075 1294 2140 alterum

158 2177 442 2260 Triolinianorum‚
480 2198 562 2261 quae
597 2177 719 2262 primus
753 2177 855 2243 edidit
887 2178 1122 2243 Trinoavellius
1153 2199 1184 2242 a.
1214 2181 1293 2241 1537

158 2281 318 2360 Venetiis;
360 2302 422 2365 quo
453 2302 571 2364 genere
600 2281 699 2346 utitur
728 2281 937 2347 Phavorinus.
994 2282 1091 2366 Apud
1119 2281 1295 2347 Eudooiam

159 2384 323 2466 utriusque
356 2385 495 2468 vestigia
528 2391 699 2470 apparent;
744 2385 965 2450 Basileensem
999 2383 1084 2449 enim
1122 2383 1293 2450 editionem

158 2488 230 2571 ipsa
253 2487 415 2571 describit,
440 2487 638 2553 Trioliniana
660 2488 783 2554 seholia
805 2508 822 2554 e
845 2487 1023 2553 Phavorino
1047 2487 1172 2572 aooipit.

243 2592 349 2675 Atque
382 2591 646 2656 Tricliniana
677 2590 807 2675 quidem
841 2591 922 2656 haee
953 2590 986 2655 in
1017 2589 1150 2657 violario
1179 2589 1295 2676 depre-

157 2695 270 2761 hendi:
698 2740 701 2745 -

247 2801 272 2882 1)
301 2800 336 2862 P.
360 2803 396 2862 14
428 2799 508 2884 περὶ
529 2791 741 2884 Ἀφροδίτης.
794 2798 901 2864 Verba
930 2802 1104 2885 Κυθέρεια
1131 2837 1175 2844 -
1204 2794 1297 2864 κύειν

159 2902 217 2968 τὸν
247 2901 356 2988 ἔρωτα
389 2922 406 2967 e
435 2902 613 2968 Phavorino
647 2909 774 2986 sumpta
806 2920 879 2968 esse
912 2901 987 2968 inde
1022 2909 1171 2987 apparot,
1210 2901 1296 2985 quod

158 3013 306 3090 quattuor
327 3006 373 3071 ibi
395 3004 500 3072 fontes
523 3005 635 3071 eodem
658 3005 769 3071 ordine
794 3005 906 3071 conexi
929 3006 1096 3089 leguntur:
1122 3010 1150 3082 a]
1179 3010 1295 3070 Κυθέ-

159 3134 232 3196 ρεια
247 3148 290 3156 -
306 3108 342 3174 ἐν
359 3107 459 3193 ἑαυτῇ
476 3107 535 3175 τὸν
551 3107 671 3195 ἐ’ρωτα.
697 3109 776 3174 Zon.
797 3111 878 3173 1266
904 3109 1004 3192 (ouius
1027 3115 1077 3175 est
1098 3108 1170 3173 fons
1185 3109 1292 3194 atym.

158 3215 201 3280 M.
229 3217 303 3296 543,
331 3215 397 3296 40).
431 3213 443 3299 ))
479 3213 510 3296 b)
538 3207 557 3299 ἢ
581 3206 634 3277 ὅτι
660 3250 704 3259 -
733 3207 861 3287 πάθος.
900 3212 1041 3297 Hesyoh.
1066 3213 1088 3278 i.
1114 3232 1145 3276 v.
1178 3213 1191 3295 ΙΙ
1222 3215 1247 3295 6)
1275 3207 1295 3299 ἢ

160 3312 275 3382 ὅτι-
299 3315 457 3403 Κύθηρα.
482 3318 571 3382 Eust.
594 3316 688 3381 Hom.
710 3317 803 3380 1598.
836 3315 849 3400 Ι)
880 3316 909 3400 d)
940 3310 958 3401 ἢ
982 3309 1050 3380 ἀπὸ
1076 3322 1136 3381 τοῦ
1158 3311 1296 3381 derideto

157 3460 200 3468 --
222 3418 282 3486 τὸν
306 3418 414 3506 ἔρωτα
438 3419 544 3486 Schol.
570 3419 647 3485 Hes.
667 3419 791 3502 Theog.
812 3422 872 3483 196
896 3418 1003 3484 Trina.
1050 3420 1158 3484 Verba
1181 3417 1232 3483 dui
1253 3457 1297 3466 —

158 3527 290 3609 λέγεται
322 3524 355 3589 in
387 3523 533 3606 margine
567 3520 686 3588 oodieis
719 3542 737 3586 e
769 3521 907 3587 Cornuto
939 3526 978 3585 24
1013 3522 1104 3588 addit
1136 3523 1292 3589 Eudoeia.

157 3629 264 3693 Minus
287 3634 372 3693 recte
396 3626 436 3692 de
460 3626 519 3691 hoe
542 3625 611 3691 looo
635 3625 765 3710 exponit
785 3624 886 3690 Flaoh
909 3647 941 3710 p.
964 3630 1023 3689 115
1048 3625 1081 3691 in
1104 3625 1179 3692 adn.
1200 3630 1229 3690 3.

245 3734 272 3816 2)
302 3732 336 3796 Ρ.
357 3734 397 3795 97
428 3730 509 3816 περὶ
541 3725 710 3794 Γλαύκου.
743 3728 801 3792 καὶ
825 3725 957 3816 Γλαύκη
987 3768 1030 3776 -
1060 3727 1194 3795 ὑδάτων
1224 3751 1296 3795 oum

159 3835 424 3920 praecedentibus
458 3832 677 3919 profluxerunt
710 3853 728 3899 e
758 3832 937 3898 Phavorino
966 3836 1029 3896 420
1065 3834 1182 3916 (Treta.
1217 3833 1294 3918 Lyo.

161 3943 221 4002 754
245 3946 277 4004 et
299 3937 406 4004 Sohol.
432 3938 508 4002 Hes.
535 3936 657 4020 Theog.
679 3939 768 4021 244).

247 4045 277 4125 3)
310 4044 346 4106 P.
375 4046 432 4105 121
464 4037 677 4127 χρυσοκόμης
706 4076 747 4085 -
777 4062 808 4124 p.
842 4043 902 4103 122
940 4033 1136 4126 ἆτοπήμασι
1177 4039 1293 4124 (Sahal.

160 4146 282 4229 Theog.
308 4149 368 4209 947
400 4145 521 4230 Trino.)
555 4144 656 4210 Phav.
684 4144 778 4208 1878.
825 4143 1056 4211 ABasileeusi
1087 4141 1122 4208 id
1152 4143 1296 4209 scholion

159 4251 262 4316 abest.
