2910 4882
546 380 587 386 -
636 344 720 425 1000]
767 380 808 387 -
856 411 860 418 ,
1201 344 1239 404 27

108 555 168 597 ναι
189 531 388 596 Scholiorum
411 531 494 613 libri,
521 530 676 617 ταύτης
700 528 746 617 ἐρ.
769 531 843 596 Ald.
863 533 962 595 Phav.
982 532 1101 596 Eudoc.
1135 532 1147 615 ΙΙ
1178 538 1243 596 τῶν

109 640 237 701 τέκνοιν
259 629 362 722 αὐτῆς
384 640 595 722 βαρυνομένη
619 637 816 702 Scholiorum
839 637 921 718 libri,
948 629 1051 722 αὐτῆς
1074 642 1138 700 τιον
1161 658 1243 699 παι-

111 741 194 807 δίων
215 745 464 826 βαροθαμοῦσα
486 741 560 805 Ald.
586 742 685 807 Phav.
712 741 792 806 Eud.

196 846 233 909 P.
260 847 320 908 374
345 846 425 931 περὶ
447 842 707 929 Σεσογχώσιόος.
754 844 882 911 Initium
913 864 1014 928 usque
1040 844 1082 909 ad
1106 854 1244 930 σημεῖον

110 948 274 1015 eScholio
288 950 350 1031 Ap.
368 949 428 1012 Rh.
446 950 491 1013 IV
507 952 569 1012 272
592 948 735 1013 Parisino
750 949 899 1013 haustum
916 954 975 1012 est.
1015 949 1096 1012 Tum
1119 969 1243 1029 κοσμο-
1324 954 1325 957 ’

109 1049 243 1138 κράτωρ
266 1089 309 1098 -
331 1053 462 1136 λέγεται
484 1052 652 1117 ePhavor.
672 1073 705 1136 p.
728 1055 819 1132 1642,
846 1051 937 1116 cuius
959 1059 1008 1116 est
1029 1051 1100 1116 fons
1121 1051 1243 1115 Musnri

111 1156 256 1222 scholion
271 1156 314 1221 ad
328 1155 552 1239 Aristophanis
567 1156 653 1220 Nub.
673 1159 745 1237 397,
772 1155 812 1220 de
835 1176 905 1236 quo⁸
920 1154 999 1218 haec
1017 1154 1149 1218 adnotat
1163 1154 1244 1218 Din-

109 1259 202 1325 dorf:
227 1259 305 1325 »illa
328 1258 369 1324 de
389 1258 579 1324 Sesonchosi
607 1257 885 1342 (Psammetichum
907 1258 1072 1324 nominare
1094 1257 1238 1342 debebat)

109 1366 259 1430 Musurus
281 1363 352 1447 ipse
373 1361 499 1427 videtur
521 1363 767 1447 composuisse«.

198 1468 233 1531 P.
260 1469 322 1531 420
346 1467 426 1552 περὶ
450 1464 627 1552 Φρύνιδος.
669 1466 839 1532 Phavorini
860 1486 891 1548 p.
915 1469 995 1530 1846
1018 1471 1202 1548 excerptum
1225 1486 1243 1531 0

110 1571 241 1638 Scholio
256 1572 312 1636 Ar.
330 1571 415 1635 Nub.
435 1573 496 1634 967
520 1570 638 1636 Aldino
660 1570 764 1635 isdem
787 1570 894 1635 verbis
911 1569 1064 1634 describit
1078 1568 1240 1634 Eudocia:

112 1680 291 1761 κιθαρίσαι
321 1668 406 1760 παρ’
440 1667 635 1760 Ἀθηναίοις
665 1674 722 1738 καὶ
749 1680 883 1760 νικῆσαι
920 1672 1117 1737 Scholiorum
1156 1673 1238 1755 libri,

112 1777 209 1865 παρὰ
238 1771 435 1864 Ἀθηναίοις
468 1777 678 1863 κιθαρῳδικῇ
711 1784 845 1864 νικΐγσαι
878 1777 952 1841 Ald.
983 1778 1083 1842 Phav.
1113 1777 1196 1842 Eud.
1235 1776 1245 1864 ll

110 1878 376 1969 Ἀριστοκλείόης
408 1881 606 1946 Scholiorum
629 1881 717 1962 libri,
753 1874 1018 1967 Ἀριστόκλειτος
1040 1881 1115 1946 Ald.
1140 1881 1241 1945 Phav.

110 1986 196 2051 Eud.
229 1985 240 2070 ll
273 1977 370 2049 ἅτινα
393 1978 437 2059 ὡς
459 1982 503 2071 μὴ
528 1978 695 2069 ἀναγκαῖα
720 1981 825 2067 ἐῶμεν
846 1985 878 2049 in
900 1983 963 2049 fine
986 1983 1076 2049 addit
1096 1984 1167 2068 ipsc
1183 1984 1245 2049 fal-

112 2109 227 2155 sanus.

198 2193 301 2271 Quam
331 2198 477 2257 accurate
505 2191 648 2257 Eudocia
678 2211 749 2257 cum
779 2191 896 2255 Aldina
918 2190 1145 2274 Aristophanis
1176 2190 1245 2255 edi-

110 2297 196 2363 tione
219 2317 249 2361 a.
278 2299 360 2360 1498
384 2295 571 2377 consentiat,
597 2295 661 2358 iam
685 2296 722 2357 R.
748 2294 900 2359 Nitnsche
923 2293 1158 2376 animadvertit,
1184 2314 1244 2359 nec

111 2407 221 2466 tamen
250 2400 327 2483 quid
355 2399 431 2464 inde
463 2404 648 2480 sequeretur
677 2398 851 2482 perspexit.
912 2398 1012 2462 Flach
1045 2398 1136 2462 illum
1167 2418 1244 2462 0011-

112 2523 242 2569 sensum
266 2522 342 2569 casu
366 2503 513 2568 effectum
536 2521 608 2566 esse
631 2523 663 2586 p.
686 2504 745 2563 122
768 2521 934 2585 perperam
959 2508 1078 2566 censet.
1117 2501 1167 2564 An
1190 2520 1245 2565 ca-

112 2608 163 2673 sui
184 2605 387 2672 tribuendum
411 2611 477 2689 est,
503 2604 589 2687 quod
611 2604 718 2669 nullus
741 2605 830 2669 locus
853 2624 892 2668 ex
915 2603 1053 2669 Scholiis
1076 2604 1117 2668 ad
1141 2603 1244 2668 Thes-

111 2711 373 2794 mophoriazusas
403 2715 459 2773 aut
488 2708 699 2793 Lysistratam
728 2707 807 2792 ipsis
837 2708 870 2771 in
898 2707 1031 2772 violario
1063 2707 1245 2772 invenitur-⁶?

111 2815 197 2879 Nam
220 2836 252 2898 p.
271 2817 333 2877 270
357 2813 436 2898 περὶ
460 2809 689 2896 Κλειταγόρας
710 2831 773 2876 11011
795 2811 900 2894 ipsum
923 2810 1030 2875 Schol.
1051 2811 1127 2895 hys.
1150 2814 1239 2892 1239,

112 2917 171 2983 sed
193 2917 325 2982 Suidam
350 2916 493 2998 sequitur
515 2915 668 2981 Eudocia.
716 2914 802 2979 Satis
832 2919 939 2978 autem
966 2920 1073 2978 notum
1097 2922 1147 2979 est
1167 2914 1243 2979 Aldi

112 3021 284 3088 editionem
307 3020 486 3104 Lysistrata
509 3026 541 3085 et
562 3017 901 3102 Thesmophoriarusis
924 3037 1042 3082 carere.

198 3125 309 3208 Neque
332 3124 448 3189 rectius
464 3123 563 3188 Flach
587 3127 685 3204 negat
708 3141 725 3186 e
745 3121 849 3186 lexico
864 3121 971 3202 aliquo
986 3121 1044 3185 hos
1061 3122 1146 3186 locos
1162 3121 1244 3186 sumi

112 3228 266 3314 potuisse.
314 3227 398 3293 Sane
427 3226 554 3309 quidem
582 3225 725 3290 Eudocia
752 3225 845 3308 plura
867 3223 1092 3308 Aristophanis
1122 3225 1245 3291 scholia

111 3333 145 3397 in
168 3352 263 3397 unam
287 3332 427 3415 glossam
450 3328 673 3394 transfundere
695 3333 829 3413 poterat,
855 3349 952 3411 quam
976 3327 1246 3393 sescentiescon-

113 3443 177 3501 stat
205 3435 310 3499 varios
340 3434 444 3500 fontes
474 3433 639 3499 miscuisse
669 3438 701 3497 et
731 3433 945 3515 perturbasse.
997 3429 1062 3496 Sed
1090 3430 1244 3515 plurimos

112 3539 182 3604 eius
205 3538 333 3620 generis
356 3539 441 3602 locos
463 3537 528 3601 iam
551 3535 766 3601 aPhavorino
789 3535 980 3619 compositos
996 3534 1129 3618 accepit.
1170 3535 1245 3599 Ple-

109 3642 180 3707 nior
206 3661 282 3706 vero
308 3641 425 3706 nostris
455 3640 585 3706 scholiis
612 3639 856 3722 Aristophaneis
885 3639 1028 3704 Eudocia
1057 3638 1145 3702 nullo
1175 3638 1244 3702 loco

10 3748 16 3765 ⁵
111 3753 177 3824 est;
204 3766 279 3810 110111
294 3765 376 3827 quae
392 3766 424 3828 p.
447 3747 485 3808 to
499 3744 599 3809 habet
621 3737 883 3808 ἀναπέπλασται
906 3743 942 3807 δὲ
964 3739 1005 3805 τὰ
1029 3736 1179 3823 ὀνόματα
1201 3780 1244 3789 -

111 3843 228 3933 ὑγείαν
261 3853 440 3932 παρέχειν,
479 3868 518 3912 00
539 3847 582 3912 ad
604 3848 735 3912 verbum
759 3868 799 3913 ex
833 3846 950 3928 (Schol.
976 3847 1030 3910 Ar.
1056 3845 1140 3909 Plut.
1166 3847 1239 3928 701)

111 3954 248 4018 Phavor.
267 3974 300 4036 p.
321 3955 382 4016 296
406 3950 566 4015 describit.
600 3950 612 4033 ΙΙ
643 3952 679 4014 Ρ.
700 3953 761 4014 290
784 3951 863 4035 περὶ
881 3949 997 4013 Midon
1019 3969 1082 4013 non
1100 3969 1118 4013 e
1134 3948 1241 4013 Schol.

113 4058 169 4121 Ar.
195 4057 277 4121 Plut.
305 4059 364 4119 287
398 4054 494 4118 ducta
517 4059 590 4118 sunt
612 4053 711 4119 verba
733 4041 985 4138 λέγεταιοῦνί
1012 4057 1179 4136 παροιμία
1201 4091 1244 4098 -
1352 4049 1357 4058 ’

112 4157 366 4239 λανθανόντων,
387 4158 454 4241 000,
475 4156 555 4223 sicut
570 4158 676 4223 omnia
694 4156 769 4222 inde
785 4178 805 4222 0
820 4178 851 4221 v.
871 4154 1011 4240 ἐλέγετο,
1031 4176 1048 4219 0
1065 4156 1243 4219 Phavorino

112 4284 144 4350 p.
167 4267 259 4347 7200,
286 4262 376 4329 cuius
399 4262 503 4330 fontes
526 4269 600 4328 sunt
614 4262 720 4329 Schol.
738 4262 792 4328 Ar.
812 4260 896 4327 Plut.
915 4262 975 4326 287
993 4264 1024 4325 et
1040 4259 1157 4326 Suidas
1173 4259 1239 4325 iv.
