2910 4882
599 377 641 386 -
689 341 772 422 [343]
820 377 862 388 -
1256 345 1293 406 31

168 543 259 588 verus
274 524 347 589 fons
363 532 429 590 est:
456 526 663 603 Δωδωνίδας
677 529 782 607 Euat..
809 531 945 604 Δωνίας
960 528 1058 593 Phav.
1079 531 1161 595 Eud.
1187 528 1197 617 11
1220 523 1296 594 άνά-
1380 511 1381 515 ¹

166 628 387 710 propellunt,
423 623 530 711 ὄνομα
553 630 653 710 Phar.
679 632 762 697 Eud.
802 632 815 714 ΙΙ
844 625 930 718 Ὕρν
951 633 1061 715 Euat,
1088 627 1167 699 Ὕϊν
1192 633 1293 698 Phav.

168 729 246 795 Eud.
287 732 400 814 Neque
423 752 494 796 oum
518 733 630 798 eodem
653 735 790 798 Roberto
813 757 845 819 p.
865 738 926 798 249
949 735 983 800 in
994 722 1165 801 'addendis
1188 736 1297 800 Eudo-

166 835 230 901 oiae
255 844 353 920 caput
376 836 455 921 περὶ
470 834 651 901 Πλειάδων
673 859 703 921 p.
725 839 786 901 339
814 837 989 921 (Πλειάδες
1012 876 1054 884 -
1077 841 1187 922 πέντε)
1214 840 1297 903 inter

166 938 345 1021 fragmenta
367 940 658 1006 catasterismorurn
681 940 865 1025 receperim,
893 942 1011 1027 quippe
1034 942 1119 1025 quod
1142 943 1240 1007 seiam
1257 963 1296 1007 ex
1404 957 1405 960 ’

166 1041 276 1107 eodem
292 1041 471 1109 Phavorino
486 1065 518 1128 p.
540 1049 620 1108 1514
638 1043 768 1109 ductum
791 1063 872 1123 esse,
901 1045 952 1110 oui
974 1051 1073 1110 totam
1096 1046 1186 1111 illam
1209 1046 1297 1129 glos-

165 1165 231 1209 sam
256 1145 353 1210 debet
371 1145 527 1212 Eudooia:
555 1145 721 1224 Πλειάδες
743 1187 786 1195 -
801 1142 979 1224 Ἄτλαντος
1002 1155 1034 1215 et
1056 1145 1145 1232 λέγίι
1159 1148 1195 1212 δὲ
1210 1153 1297 1213 Πίν-

166 1247 267 1334 δαρος
289 1287 332 1295 -
353 1271 385 1333 p.
413 1253 474 1313 340
498 1247 535 1314 τὸ
560 1252 654 1327 τέλος
684 1273 724 1317 ex
746 1253 796 1316 Et.
822 1252 866 1314 M.
892 1256 966 1333 675,
994 1255 1033 1314 34
1059 1253 1157 1318 habet
1179 1252 1292 1334 Phav.‚

164 1341 248 1438 ἦσαν
272 1350 308 1416 δὲ
332 1349 458 1416 δώδεκα
482 1392 523 1400 -
546 1353 583 1419 τὸ
609 1349 733 1440 άστρον
756 1361 854 1418 τοῦτο
877 1354 1018 1419 καλοῦσι
1033 1361 1110 1439 etp.
1131 1358 1193 1419 346
1209 1367 1296 1421 κεῖν-

165 1480 217 1520 ται
241 1456 278 1520 δὲ
300 1495 343 1503 -
366 1450 614 1545 άμαυρωθῆναι
636 1479 676 1524 ex
698 1457 865 1524 Eustathio
888 1456 930 1522 ad
951 1459 1044 1522 Hom.
1063 1479 1094 1542 p.
1117 1462 1210 1522 1155.
1246 1459 1296 1524 De

165 1560 354 1641 reliquorum
379 1561 465 1626 fonte
490 1581 588 1646 supra
610 1584 642 1646 p.
663 1564 702 1626 28
726 1562 844 1627 dietum
867 1569 926 1628 ost.

248 1663 387 1745 Collegit
408 1672 515 1740 autem
538 1665 658 1749 primus
681 1665 768 1731 loooe
783 1687 801 1730 e
817 1665 1047 1730 catasterismis
1062 1665 1179 1749 petitos
1194 1664 1294 1729 Flaoh

164 1787 193 1850 p.
221 1769 272 1830 33.
320 1768 408 1852 Περὶ
431 1768 640 1844 Καλλιστοῦς
662 1790 694 1853 p.
722 1773 785 1832 259
814 1789 875 1833 non
903 1775 988 1834 reete
1012 1789 1030 1834 e
1053 1768 1175 1834 Catast.
1202 1772 1220 1833 8
1244 1791 1295 1834 re-

165 1871 260 1953 petit;
294 1871 366 1937 fons
393 1871 477 1936 enirn
507 1879 556 1938 est
578 1873 715 1938 Taetzae
747 1872 887 1938 scholion
918 1872 961 1937 ad
982 1872 1114 1937 Hesiod.
1141 1893 1192 1957 op.
1220 1877 1291 1952 564,

165 1995 194 2058 p.
217 1979 269 2037 161
300 1976 351 2040 ed.
371 1975 446 2040 Bae.
486 1975 575 2040 Idem
598 1976 743 2058 neglexit
764 1977 867 2041 loourn
891 1997 923 2060 p.
945 1978 1004 2039 124
1027 1973 1296 2061 Διόσκουροι-

165 2075 370 2164 ἐπιφάνειαν
399 2077 499 2160 ἔσχον
528 2085 559 2144 et
589 2073 664 2143 οὔτε
694 2077 757 2164 γάρ
785 2118 830 2127 -
855 2101 888 2163 p.
911 2081 969 2141 125
995 2076 1030 2143 ἓν
1052 2089 1123 2154 τοῖς
1147 2073 1292 2164 άστροις,

164 2202 255 2263 quern
287 2202 305 2246 e
333 2183 562 2248 oatasteriomis
584 2203 612 2247 e.
641 2187 679 2246 10
710 2183 844 2267 petitum
866 2181 1065 2247 Phavorinus
1086 2205 1118 2267 p.
1145 2187 1207 2247 516
1229 2184 1296 2246 Εσ-

164 2283 275 2350 dooiae
299 2285 529 2370 suppeditavit.

248 2388 427 2455 Phavorino
449 2391 535 2455 enirn
557 2390 669 2455 horum
692 2409 817 2472 quoque
840 2389 981 2454 locorum
1005 2388 1157 2453 maiorem
1172 2394 1295 2472 partem

164 2491 271 2557 deberi
298 2495 349 2576 (ex
364 2494 518 2559 tredeoirn
534 2494 613 2558 loeis
637 2494 774 2576 novem),
803 2512 874 2557 oum
897 2493 1003 2557 omnia
1024 2491 1195 2556 Phavorini
1217 2491 1294 2556 vitia

163 2593 193 2659 in
216 2596 350 2662 violatio
373 2603 566 2680 repetantur,
597 2597 691 2661 saeue
714 2596 921 2678 intellegitur.
969 2595 1124 2674 Quattuor
1145 2594 1232 2659 looos
1255 2614 1295 2659 ex

163 2697 231 2782 ipso
253 2699 361 2781 aliquo
384 2701 674 2765 oatasterismorum
698 2700 805 2764 eodioe
821 2699 965 2763 Eudooia
986 2698 1113 2763 videtur
1132 2697 1291 2781 hausisse,

162 2802 224 2867 nisi
248 2802 327 2868 sorte
350 2804 383 2867 in
406 2803 611 2869 miscellaneo
633 2803 742 2884 aliquo
766 2802 860 2880 libro,
895 2803 1007 2884 quales
1030 2821 1057 2865 s.
1082 2803 1143 2866 XV
1165 2808 1197 2866 et
1218 2801 1294 2866 XVI

160 2907 335 2988 permultos
359 2908 558 2972 oiroumlatos
581 2926 653 2972 esse
677 2913 810 2987 constat,
836 2905 990 2991 repperit:
1021 2905 1047 2987 1)
1075 2905 1111 2967 P.
1131 2905 1192 2966 315
1216 2904 1295 2989 περὶ

159 3017 221 3075 τοῦ
245 3004 360 3075 ὀϊστοῦ
383 3017 442 3075 τοῦ
465 3009 501 3075 ἒν
524 3017 569 3094 τῷ
592 3003 724 3095 οὐρανῷ
747 3010 868 3075 (latest.
891 3013 941 3071 ll.
974 3009 986 3092 ll
1018 3010 1045 3091 2)
1074 3008 1109 3070 P.
1130 3009 1191 3069 317
1216 3008 1295 3092 περὶ

160 3109 304 3200 ὄρνιθος
327 3121 386 3179 του
410 3113 447 3180 ἐν
470 3108 602 3200 οάρανῷ
616 3152 659 3161 -
674 3109 862 3199 ἀνέδραμεν
884 3110 932 3187 είς
951 3105 1098 3196 σάρανάν
1120 3109 1191 3176 Cat.
1210 3115 1262 3175 25.
1287 3109 1296 3197 ll

157 3218 185 3298 3)
221 3219 257 3280 P.
292 3220 352 3282 328
388 3219 468 3304 περί
499 3225 556 3305 τῆς
591 3216 627 3283 ἐν
660 3225 706 3302 τῷ
736 3211 868 3302 οὐρανῷ
897 3218 1076 3300 παρθένου
1110 3214 1181 3279 Oat.
1215 3216 1245 3276 9.
1282 3213 1291 3298 11

157 3325 186 3399 41
224 3323 258 3385 Ρ.
287 3324 347 3384 337
378 3322 457 3407 περὶ
487 3328 546 3387 του
575 3319 748 3408 Πηγάσου.
797 3314 937 3404 Ἄρατος
960 3317 997 3382 δι’
1021 3339 1126 3403 φησιν
1147 3342 1177 3380 κ.
1204 3341 1232 3380 τ.
1260 3316 1289 3378 λ.

156 3424 230 3490 (lat.
260 3427 309 3488 18.

245 3530 322 3594 Sola
350 3530 448 3612 igitur
476 3528 556 3595 haee
584 3548 647 3592 non
676 3548 696 3591 a
718 3525 914 3607 Phavorino,
948 3523 1005 3590 sed
1028 3525 1068 3590 ab
1091 3525 1161 3609 ipso
1184 3525 1292 3607 aliquo

158 3633 458 3698 Catasterismorum
488 3632 569 3697 libro
598 3630 747 3695 videntur
776 3629 931 3711 uliginem
962 3628 1099 3693 trahere.
1148 3627 1248 3705 Quem
1273 3649 1293 3692 a

157 3736 276 3801 nostris
303 3736 463 3801 interdum
494 3735 588 3801 valde
618 3732 766 3798 recedere
795 3738 881 3797 reete
910 3737 1016 3798 monet
1045 3732 1157 3797 Flaoh.
1208 3731 1291 3809 Quin

158 3841 255 3905 etiarn
289 3840 404 3905 nostris
440 3839 562 3925 plenior
593 3839 622 3902 ie
656 3836 756 3902 oodex
790 3834 915 3900 videtur
948 3835 1047 3900 fuisse
1083 3835 1117 3899 in
1151 3855 1221 3919 eap.
1258 3838 1289 3898 9.

162 3947 246 4008 Sane
269 3963 349 4026 quae
378 3966 409 4027 p.
437 3946 498 4008 328
528 3941 626 4007 habet
647 3939 791 4004 Eudooia
813 3937 845 4001 ol
868 3938 904 4002 δὲ
920 3932 1098 4025 Ἀστραίου
1120 3942 1293 4023 θυγατέρα

161 4054 220 4113 τοῦ
242 4043 378 4132 στράτου
401 4043 460 4133 τὴν
477 4039 627 4128 άστέρων
643 4037 800 4128 εὑρόντος
815 4035 1003 4123 ὀνομασίαν
1026 4041 1114 4125 apud
1135 4040 1293 4106 Graecum

161 4158 321 4217 auotorern
349 4172 412 4216 non
440 4149 579 4214 invenio.
627 4148 662 4210 P.
689 4149 750 4207 317
779 4152 886 4210 autern
916 4145 994 4231 περὶ
1026 4140 1167 4230 ὄρνιθος
1196 4144 1294 4209 verba

160 4255 191 4319 in
215 4254 277 4320 fine
300 4254 406 4339 posita
430 4253 460 4317 oi
484 4252 518 4317 δὲ
544 4251 698 4325 πλείονες
729 4248 787 4313 ἐστὶ
817 4254 854 4332 τῷ
878 4247 980 4334 Λάδα
1011 4253 1115 4312 ταῦτα
1147 4244 1293 4328 ἐμυθεύ-
