2910 4882
157 310 198 369 το
590 347 633 354 -
680 310 764 391 taos]
811 346 853 354 -

156 498 192 561 P.
219 500 259 562 20
283 498 363 582 περὶ
378 491 592 584 Ἀλκήστιάος
614 518 677 562 non
700 519 717 563 e
741 498 848 563 Schol.
874 499 969 581 Vesp.
1001 501 1082 559 tuto
1105 497 1204 561 habet
1223 497 1277 560 Eu-

155 600 261 684 dooia,
293 621 396 682 neque
420 622 437 666 e
461 601 567 667 Schol.
594 600 722 667 Homeri
750 601 799 685 (cf.
818 602 919 666 Flaoh
941 624 973 686 p.
996 604 1080 684 11161,
1108 599 1166 666 sed
1188 607 1275 666 totam

156 706 297 789 glossam
321 705 532 771 ePhavorino
548 726 581 790 p.
603 708 663 769 119
683 705 827 789 exceptis
842 705 909 770 his:
937 698 981 780 ὡς
997 700 1035 790 δή
1052 704 1233 786 μέλλοντος
1246 741 1280 750 -

156 803 331 874 ἀπέδωκεν
352 804 503 896 Ἀδμήτῳ
533 816 564 875 et
595 807 663 890 ἔχει
692 808 727 873 δὲ
755 809 812 872 καὶ
835 802 943 884 άλλως
966 814 1038 883 ιτιῑις
1058 845 1102 854 ·-—
1125 805 1277 893 ἐρρύσατο

156 909 216 1000 τήν
231 907 414 999 Ἄλκηστιν,
441 933 524 994 quae
547 934 565 978 e
588 913 777 997 Palaephati
800 916 841 974 42
864 912 1002 977 editione
1025 911 1214 979 Basileensi
1227 910 1279 976 flu-

155 1017 242 1081 xisse
262 1015 347 1080 infra
369 1016 564 1081 docebimus.
604 1017 741 1099 Reliqua
756 1016 955 1080 Phavorinus
977 1014 1198 1100 suppeditavit
1219 1015 1280 1080 son-

157 1121 243 1185 tibus
266 1138 342 1184 usus
365 1118 431 1183 his:
458 1119 547 1184 Eust.
573 1121 665 1185 Hom.
684 1122 746 1183 326
774 1119 908 1202 (initium
931 1139 1033 1201 usque
1056 1119 1100 1184 ad
1122 1112 1210 1203 ὑπὲρ
1232 1125 1282 1182 τοῦ

156 1219 289 1305 aalide]
325 1227 357 1287 et
385 1222 492 1288 Schol.
518 1223 599 1288 Plat.
626 1222 759 1288 Conviv.
789 1222 863 1286 179¹)
894 1224 966 1308 (non
995 1223 1065 1306 ipso
1095 1223 1282 1306 Argumento

155 1327 268 1412 Eurip.
286 1327 368 1410 Alc.)
390 1327 446 1390 καὶ
463 1321 572 1402 άλλως
585 1365 625 1374 -
645 1337 796 1411 γυναῖκα.
827 1326 999 1392 Phavorini
1015 1345 1188 1410 operarum
1204 1347 1283 1391 men-

157 1431 232 1498 dum
246 1429 376 1517 ἐιιένθή
390 1439 497 1496 servat
508 1430 670 1498 Eudooiae
683 1431 799 1512 codex3
819 1430 975 1496 Villoison
987 1430 1124 1496 correxit
1137 1428 1281 1497 ἐπένθει.

243 1639 377 1721 Legitur
404 1645 509 1704 autem
540 1638 732 1706 scholiorum
755 1636 980 1722 Aristophanis
1008 1638 1096 1721 apud
1118 1638 1284 1704 Eudocian

159 1762 198 1807 ea
219 1742 408 1826 plerumque
431 1742 541 1831 forma,
570 1763 665 1825 quam
688 1763 708 1807 a
730 1742 860 1806 Musuro
882 1742 916 1805 in
938 1740 1056 1806 Aldina
1079 1741 1221 1807 editione
1242 1742 1284 1805 in-

159 1845 421 1931 terpolationibus
445 1845 592 1930 plurimis
616 1847 763 1910 effectam
786 1864 858 1910 esse
882 1852 1016 1910 constat.
1057 1845 1162 1923 Quam
1179 1846 1285 1912 editio

157 1970 231 2016 nem
255 1950 452 2014 Phavorinus
474 1949 601 2015 videtur
623 1949 831 2034 excripsisse:
976 2013 985 2019 .

243 2054 280 2116 P.
309 2057 368 2117 137
392 2053 472 2138 περὶ
493 2049 677 2137 Διαγόρου.
725 2052 843 2117 Glossa
872 2051 914 2116 ad
944 2052 1075 2116 verbum
1105 2074 1123 2118 e
1153 2053 1284 2119 Phavor.

158 2178 189 2240 p.
210 2159 266 2220 481
296 2156 467 2240 descripta.
507 2158 624 2221 Fontes
647 2148 717 2220 eius
740 2162 814 2220 sunt
829 2156 959 2220 Scholia
974 2155 1070 2221 Arist.
1090 2156 1172 2221 duo:
1203 2157 1230 2240 11
1251 2154 1287 2220 ad

158 2260 219 2325 Av.
242 2264 333 2343 1073,
359 2259 486 2325 initium
509 2280 610 2342 usque
632 2259 676 2324 ad
698 2259 815 2341 λαβεῖν
838 2257 908 2325 δύο.
942 2260 954 2344 11
986 2261 1014 2343 2)
1042 2259 1086 2324 ad
1108 2261 1189 2324 Ran.
1218 2264 1285 2340 323,

159 2362 230 2427 ’ἐστι
253 2353 368 2427 δὲκαὶ
391 2361 503 2448 ἕτερος
526 2382 628 2443 usque
651 2363 694 2427 ad
716 2362 821 2428 linem.
867 2361 961 2445 (Quid
985 2383 1024 2427 ex
1043 2364 1207 2448 Hesychio
1223 2364 1287 2428 Mil.

158 2466 362 2551 desumptum
384 2467 416 2530 in
439 2466 501 2531 hae
523 2466 631 2549 glossa
654 2471 763 2530 extare
780 2464 941 2531 existimet
956 2466 1058 2531 Flach
1072 2487 1104 2550 p.
1124 2470 1176 2548 95,
1203 2467 1291 2550 equi-

159 2571 232 2636 dem
261 2570 403 2655 ignoro):
440 2563 516 2653 ιζάκει
546 2566 582 2634 ἐν
611 2563 773 2654 Ἀθήναις
805 2569 932 2649 schol,
967 2567 1002 2634 ἓν
1024 2563 1188 2656 Ἀθήναις
1217 2566 1293 2655 ᾤκει

158 2673 233 2740 Ald.
264 2674 365 2739 Phav.
390 2673 472 2738 llud.
521 2672 533 2757 11
578 2670 782 2748 Μελάνθιος
811 2672 939 2752 Schol.‚
977 2671 1189 2760 Μελάνθης
1217 2673 1292 2739 Ald.

159 2778 260 2843 Phav.
278 2776 360 2842 Eud.
394 2777 406 2863 11
436 2783 481 2861 τῷ
504 2777 566 2858 μὲν
590 2770 828 2841 ἀποκτείναντι
842 2814 884 2822 -
900 2784 946 2861 τῷ
969 2777 1005 2841 ἀὲ
1028 2772 1145 2862 ἀγοντι
1168 2777 1291 2861 Schol.‚

160 2878 220 2947 τὸν
240 2881 303 2963 μὲν
327 2875 570 2946 ἀποκτείνοντα
585 2918 629 2926 -—
643 2877 703 2944 τὸν
719 2879 754 2943 δὲ
772 2873 941 2965 ἀγαγόντα
964 2882 1039 2945 Ald.
1058 2880 1159 2946 Phav.
1178 2880 1260 2945 Eud.
1284 2878 1298 2968 11

159 2981 362 3060 Μελάνθιος
395 2982 485 3066 libri,
524 2983 725 3069 Μένανδρος
758 2983 833 3047 Ald.
867 2984 967 3048 Phav.
1000 2983 1082 3049 Eud.
1145 2984 1296 3050 Ceterum

157 3084 380 3169 χλευάζοντος
403 3088 512 3153 curin
535 3086 783 3170 χλευαζομένον
806 3088 935 3153 mutarit
956 3087 1117 3170 Eudone,
1154 3088 1296 3174 perspici

157 3193 277 3274 nequit.
323 3191 460 3257 Mutavit
481 3198 604 3273 autem,
631 3212 693 3257 non
716 3191 796 3274 legit
816 3191 850 3255 in
873 3191 976 3269 fonte;
1008 3192 1109 3257 codex
1133 3192 1218 3257 enim
1242 3193 1298 3258 lit-

158 3301 243 3360 teras
266 3299 308 3377 pe'
330 3297 416 3361 vocis
439 3294 687 3377 χλεοαζομένοα
708 3295 742 3359 in
764 3315 878 3360 rasura
899 3293 1006 3360 habet.

244 3400 280 3462 P.
306 3401 368 3462 265
392 3399 473 3484 περὶ
496 3397 664 3474 Κύλωνος.
700 3397 851 3463 Scholion
873 3399 926 3461 Ar.
953 3400 1034 3482 Equ.
1058 3403 1119 3463 443
1143 3399 1294 3464 Aldinum

158 3502 342 3568 transcribit
363 3502 464 3566 Phav.
490 3524 521 3586 p.
551 3505 643 3565 1126.
691 3502 774 3565 Nam
805 3521 888 3583 quae
918 3509 1093 3585 sequuntur
1122 3510 1195 3587 post
1222 3497 1294 3567 ἀλι-

159 3602 267 3691 τήριοι
297 3602 505 3691 ἐκλήθησαν,
541 3626 580 3671 ca
608 3591 757 3670 Musurus
786 3626 803 3670 e
835 3605 935 3670 Suida
956 3606 978 3668 i.
1005 3627 1035 3668 v.
1068 3600 1234 3693 ἀλιτήριοι
1262 3607 1293 3671 in

159 3708 264 3774 Schol.
290 3708 387 3773 Arist.
413 3709 530 3773 intulit.
572 3708 622 3774 Cf.
642 3708 779 3773 Dindor·l
797 3708 1068 3774 inSchol.A1ist.
1088 3710 1150 3775 vol.
1169 3710 1202 3773 ll
1218 3713 1289 3773 229.

160 3811 340 3877 Phavorino
363 3818 478 3892 autem,
506 3832 570 3876 non
594 3812 664 3897 ipso
688 3811 814 3876 Scholio
837 3812 954 3876 Aldino
977 3831 1067 3876 usam
1090 3832 1162 3878 esse
1186 3813 1294 3879 Eudo-

159 3915 242 3980 eiam
259 3936 296 3980 eo
313 3914 471 3998 docemur,
495 3916 580 3998 quod
596 3914 691 4001 καρὰ
706 3923 752 4000 τῷ
768 3910 1005 4000 Ἀριστοφάνει
1019 3916 1119 3979 verba
1133 3936 1153 3979 a
1168 3917 1293 3982 Phavo-

159 4018 227 4083 rino
251 4020 309 4083 sub
333 4019 428 4085 finem
444 4018 557 4083 scholii
573 4019 683 4084 addita
698 4018 731 4081 in
747 4018 880 4083 violario
896 4040 928 4102 p.
949 4021 1011 4081 2611
1028 4026 1155 4083 servata
1171 4027 1292 4085 extant.

246 4123 282 4186 P.
310 4125 371 4184 274
402 4123 482 4207 περὶ
503 4126 655 4202 Λαμίας.
703 4120 852 4186 Scholion
876 4121 972 4185 Arist.
999 4121 1094 4185 Pacis
1119 4124 1179 4184 757
1205 4124 1296 4188 Aldi-

159 4246 235 4292 num
257 4226 374 4311 repetit
389 4225 596 4308 Phavorinus,
624 4246 664 4291 ex
687 4244 749 4310 quo
772 4223 879 4289 hausit
893 4223 1055 4291 Eudocia:
1083 4214 1127 4310 ής
1147 4223 1297 4314 ἐρασθή-
